[
  {
    "Rayon": "Fruits et Légumes",
    "Libellé produit": "Tomate ronde 67/82. catégorie 1",
    "Marque": "STKFL",
    "Code Produit": "000512",
    "Température": "Frais",
    "Conditionnement": "Par colis de 6 kg.",
    "Unité de commande": "colis",
    "Prix": "6,15 EUR",
    "Prix à l'unité de mesure": "1,03 EUR / kg",
    "Prix à la portion": "",
    "DLC garantie au client": ""
  },
  {
    "Rayon": "Fruits et Légumes",
    "Libellé produit": "Pommes Golden 135/170. catégorie 1. France",
    "Marque": "STKFL",
    "Code Produit": "000658",
    "Température": "Frais",
    "Conditionnement": "Portion de 160.494 g. Colis de 81 portions.",
    "Unité de commande": "colis",
    "Prix": "21,79 EUR",
    "Prix à l'unité de mesure": "1,68 EUR / kg",
    "Prix à la portion": "0,27 EUR / Portion",
    "DLC garantie au client": ""
  },
  {
    "Rayon": "Fruits et Légumes",
    "Libellé produit": "Oignon rouge. calibre 60/80. catégorie 1 - origine France",
    "Marque": "STKFL",
    "Code Produit": "000775",
    "Température": "Frais",
    "Conditionnement": "Par filet de 5 kg.",
    "Unité de commande": "filet",
    "Prix": "7,00 EUR",
    "Prix à l'unité de mesure": "1,40 EUR / kg",
    "Prix à la portion": "",
    "DLC garantie au client": ""
  },
  {
    "Rayon": "Fruits et Légumes",
    "Libellé produit": "Chou rouge. catégorie 1",
    "Marque": "STKFL",
    "Code Produit": "000964",
    "Température": "Frais",
    "Conditionnement": "Par pièce de 1.5 kg. Colis de 6 pièces.",
    "Unité de commande": "pièce",
    "Prix": "4,00 EUR",
    "Prix à l'unité de mesure": "2,67 EUR / kg",
    "Prix à la portion": "24,02 EUR / colis",
    "DLC garantie au client": ""
  },
  {
    "Rayon": "Épicerie",
    "Libellé produit": "Country store muesli",
    "Marque": "KELLOGG'S",
    "Code Produit": "001800",
    "Température": "Ambiant",
    "Conditionnement": "Par sachet de 2 kg. Colis de 4 sachets.",
    "Unité de commande": "sachet",
    "Prix": "17,91 EUR",
    "Prix à l'unité de mesure": "8,95 EUR / kg",
    "Prix à la portion": "71,63 EUR / colis",
    "DLC garantie au client": "30 jour(s)"
  },
  {
    "Rayon": "Charcuterie Traiteur",
    "Libellé produit": "Jambon de paris spécial. sandwich vpf",
    "Marque": "MADRANGE",
    "Code Produit": "006148",
    "Température": "Frais",
    "Conditionnement": "Portion de 50 g. Barquette de 10 portions.",
    "Unité de commande": "barquette",
    "Prix": "5,83 EUR",
    "Prix à l'unité de mesure": "11,67 EUR / kg",
    "Prix à la portion": "0,58 EUR / Portion",
    "DLC garantie au client": "7 jour(s)"
  },
  {
    "Rayon": "Fruits et Légumes",
    "Libellé produit": "Mélange jeune pousse. catégorie 1. France",
    "Marque": "STKFL",
    "Code Produit": "008691",
    "Température": "Frais",
    "Conditionnement": "Par barquette de 1 kg.",
    "Unité de commande": "barquette",
    "Prix": "5,49 EUR",
    "Prix à l'unité de mesure": "5,49 EUR / kg",
    "Prix à la portion": "",
    "DLC garantie au client": "3 jour(s)"
  },
  {
    "Rayon": "Fruits et Légumes",
    "Libellé produit": "Mure. catégorie 1. barquette 125g",
    "Marque": "STKFL",
    "Code Produit": "008720",
    "Température": "Frais",
    "Conditionnement": "Par barquette de 125 g.",
    "Unité de commande": "barquette",
    "Prix": "2,50 EUR",
    "Prix à l'unité de mesure": "20,03 EUR / kg",
    "Prix à la portion": "",
    "DLC garantie au client": "4 jour(s)"
  },
  {
    "Rayon": "Fruits et Légumes",
    "Libellé produit": "Oignon blanc. catégorie 1",
    "Marque": "STKFL",
    "Code Produit": "008749",
    "Température": "Frais",
    "Conditionnement": "Par pièce de 250 g.",
    "Unité de commande": "pièce",
    "Prix": "1,41 EUR",
    "Prix à l'unité de mesure": "5,62 EUR / kg",
    "Prix à la portion": "",
    "DLC garantie au client": "4 jour(s)"
  },
  {
    "Rayon": "Fruits et Légumes",
    "Libellé produit": "Ail 6/8. Catégorie 1",
    "Marque": "STKFL",
    "Code Produit": "008793",
    "Température": "Frais",
    "Conditionnement": "Par filet de 1 kg.",
    "Unité de commande": "filet",
    "Prix": "8,26 EUR",
    "Prix à l'unité de mesure": "8,26 EUR / kg",
    "Prix à la portion": "",
    "DLC garantie au client": ""
  },
  {
    "Rayon": "Fruits et Légumes",
    "Libellé produit": "Salade sucrine 6 têtes. catégorie 1",
    "Marque": "STKFL",
    "Code Produit": "008814",
    "Température": "Frais",
    "Conditionnement": "Par barquette de 360 g.",
    "Unité de commande": "barquette",
    "Prix": "2,39 EUR",
    "Prix à l'unité de mesure": "6,63 EUR / kg",
    "Prix à la portion": "",
    "DLC garantie au client": ""
  },
  {
    "Rayon": "Fruits et Légumes",
    "Libellé produit": "Poire conference 60/65. catégorie 1",
    "Marque": "STKFL",
    "Code Produit": "008905",
    "Température": "Frais",
    "Conditionnement": "Par colis de 7 kg.",
    "Unité de commande": "colis",
    "Prix": "19,78 EUR",
    "Prix à l'unité de mesure": "2,83 EUR / kg",
    "Prix à la portion": "",
    "DLC garantie au client": ""
  },
  {
    "Rayon": "Fruits et Légumes",
    "Libellé produit": "Pois gourmand. catégorie 1",
    "Marque": "STKFL",
    "Code Produit": "008910",
    "Température": "Frais",
    "Conditionnement": "Par barquette de 250 g.",
    "Unité de commande": "barquette",
    "Prix": "2,79 EUR",
    "Prix à l'unité de mesure": "11,16 EUR / kg",
    "Prix à la portion": "",
    "DLC garantie au client": "3 jour(s)"
  },
  {
    "Rayon": "Fruits et Légumes",
    "Libellé produit": "Pousse roquette pp. catégorie 1",
    "Marque": "STKFL",
    "Code Produit": "008931",
    "Température": "Frais",
    "Conditionnement": "Par barquette de 1 kg.",
    "Unité de commande": "barquette",
    "Prix": "4,93 EUR",
    "Prix à l'unité de mesure": "4,93 EUR / kg",
    "Prix à la portion": "",
    "DLC garantie au client": "3 jour(s)"
  },
  {
    "Rayon": "Fruits et Légumes",
    "Libellé produit": "Poivron vert catégorie 1",
    "Marque": "STKFL",
    "Code Produit": "008941",
    "Température": "Frais",
    "Conditionnement": "Par filet de 1 kg.",
    "Unité de commande": "filet",
    "Prix": "3,48 EUR",
    "Prix à l'unité de mesure": "3,48 EUR / kg",
    "Prix à la portion": "",
    "DLC garantie au client": "4 jour(s)"
  },
  {
    "Rayon": "Fruits et Légumes",
    "Libellé produit": "Aubergine 3/4. catégorie 1",
    "Marque": "STKFL",
    "Code Produit": "008942",
    "Température": "Frais",
    "Conditionnement": "Par filet de 1 kg.",
    "Unité de commande": "filet",
    "Prix": "1,88 EUR",
    "Prix à l'unité de mesure": "1,88 EUR / kg",
    "Prix à la portion": "",
    "DLC garantie au client": ""
  },
  {
    "Rayon": "Fruits et Légumes",
    "Libellé produit": "Mâche. catégorie 1. France",
    "Marque": "STKFL",
    "Code Produit": "008965",
    "Température": "Frais",
    "Conditionnement": "Par colis de 1 kg.",
    "Unité de commande": "colis",
    "Prix": "5,62 EUR",
    "Prix à l'unité de mesure": "5,62 EUR / kg",
    "Prix à la portion": "",
    "DLC garantie au client": "3 jour(s)"
  },
  {
    "Rayon": "Fruits et Légumes",
    "Libellé produit": "Radis rose. catégorie 1. France",
    "Marque": "STKFL",
    "Code Produit": "008966",
    "Température": "Frais",
    "Conditionnement": "Pièce de 300 g. Colis de 12 pièces.",
    "Unité de commande": "colis",
    "Prix": "11,10 EUR",
    "Prix à l'unité de mesure": "3,08 EUR / kg",
    "Prix à la portion": "0,93 EUR / pièce",
    "DLC garantie au client": ""
  },
  {
    "Rayon": "Fruits et Légumes",
    "Libellé produit": "Avocat hass affiné cal22. catégorie 1",
    "Marque": "STKFL",
    "Code Produit": "008982",
    "Température": "Frais",
    "Conditionnement": "Pièce de 180 g. Colis de 22 pièces.",
    "Unité de commande": "colis",
    "Prix": "20,15 EUR",
    "Prix à l'unité de mesure": "5,09 EUR / kg",
    "Prix à la portion": "0,92 EUR / pièce",
    "DLC garantie au client": ""
  },
  {
    "Rayon": "Fruits et Légumes",
    "Libellé produit": "Kiwi Cal33. catégorie 1",
    "Marque": "STKFL",
    "Code Produit": "008988",
    "Température": "Frais",
    "Conditionnement": "Pièce de 90 g. Colis de 33 pièces.",
    "Unité de commande": "colis",
    "Prix": "17,13 EUR",
    "Prix à l'unité de mesure": "5,77 EUR / kg",
    "Prix à la portion": "0,52 EUR / pièce",
    "DLC garantie au client": ""
  },
  {
    "Rayon": "Fruits et Légumes",
    "Libellé produit": "Tomate ronde 82/102. catégorie 1",
    "Marque": "STKFL",
    "Code Produit": "008997",
    "Température": "Frais",
    "Conditionnement": "Par colis de 7 kg.",
    "Unité de commande": "colis",
    "Prix": "12,41 EUR",
    "Prix à l'unité de mesure": "1,77 EUR / kg",
    "Prix à la portion": "",
    "DLC garantie au client": "4 jour(s)"
  },
  {
    "Rayon": "Fruits et Légumes",
    "Libellé produit": "Physalis colombie",
    "Marque": "STKFL",
    "Code Produit": "009030",
    "Température": "Frais",
    "Conditionnement": "Par barquette de 100 g. Colis de 12 barquettes.",
    "Unité de commande": "barquette",
    "Prix": "1,53 EUR",
    "Prix à l'unité de mesure": "15,32 EUR / kg",
    "Prix à la portion": "18,38 EUR / colis",
    "DLC garantie au client": "5 jour(s)"
  },
  {
    "Rayon": "Fruits et Légumes",
    "Libellé produit": "Aubergine 300/400 g. catégorie 1",
    "Marque": "STKFL",
    "Code Produit": "009038",
    "Température": "Frais",
    "Conditionnement": "Par colis de 5 kg.",
    "Unité de commande": "colis",
    "Prix": "7,34 EUR",
    "Prix à l'unité de mesure": "1,47 EUR / kg",
    "Prix à la portion": "",
    "DLC garantie au client": ""
  },
  {
    "Rayon": "Fruits et Légumes",
    "Libellé produit": "Courgette 14/21. catégorie 1",
    "Marque": "STKFL",
    "Code Produit": "009048",
    "Température": "Frais",
    "Conditionnement": "Par colis de 5 kg.",
    "Unité de commande": "colis",
    "Prix": "5,61 EUR",
    "Prix à l'unité de mesure": "1,12 EUR / kg",
    "Prix à la portion": "",
    "DLC garantie au client": "4 jour(s)"
  },
  {
    "Rayon": "Fruits et Légumes",
    "Libellé produit": "Fruit de la passion. catégorie 1",
    "Marque": "STKFL",
    "Code Produit": "009051",
    "Température": "Frais",
    "Conditionnement": "Par colis de 2 kg.",
    "Unité de commande": "colis",
    "Prix": "22,05 EUR",
    "Prix à l'unité de mesure": "11,03 EUR / kg",
    "Prix à la portion": "",
    "DLC garantie au client": ""
  },
  {
    "Rayon": "Fruits et Légumes",
    "Libellé produit": "Oignon blanc D60/80. catégorie 2",
    "Marque": "STKFL",
    "Code Produit": "009057",
    "Température": "Frais",
    "Conditionnement": "Par colis de 10 kg.",
    "Unité de commande": "colis",
    "Prix": "27,15 EUR",
    "Prix à l'unité de mesure": "2,72 EUR / kg",
    "Prix à la portion": "",
    "DLC garantie au client": "4 jour(s)"
  },
  {
    "Rayon": "Fruits et Légumes",
    "Libellé produit": "Radis rouge. catégorie 1. sachet de 1kg",
    "Marque": "STKFL",
    "Code Produit": "009071",
    "Température": "Frais",
    "Conditionnement": "Par sachet de 1 kg.",
    "Unité de commande": "sachet",
    "Prix": "3,27 EUR",
    "Prix à l'unité de mesure": "3,27 EUR / kg",
    "Prix à la portion": "",
    "DLC garantie au client": "4 jour(s)"
  },
  {
    "Rayon": "Accompagnements Assaisonnement",
    "Libellé produit": "Riz long grain et sauvage",
    "Marque": "BEN'S ORIGINAL",
    "Code Produit": "016881",
    "Température": "Ambiant",
    "Conditionnement": "Par sac de 5 kg. Colis de 3 sacs.",
    "Unité de commande": "sac",
    "Prix": "41,66 EUR",
    "Prix à l'unité de mesure": "8,33 EUR / kg",
    "Prix à la portion": "124,98 EUR / colis",
    "DLC garantie au client": "30 jour(s)"
  },
  {
    "Rayon": "Épicerie",
    "Libellé produit": "Miel mille fleurs liquide",
    "Marque": "EUROMIEL",
    "Code Produit": "021030",
    "Température": "Ambiant",
    "Conditionnement": "Par pot de 1 kg. Colis de 6 pots.",
    "Unité de commande": "pot",
    "Prix": "7,53 EUR",
    "Prix à l'unité de mesure": "7,53 EUR / kg",
    "Prix à la portion": "45,15 EUR / colis",
    "DLC garantie au client": "30 jour(s)"
  },
  {
    "Rayon": "Accompagnements Assaisonnement",
    "Libellé produit": "Couscous moyen",
    "Marque": "LA GAZELLE",
    "Code Produit": "021824",
    "Température": "Ambiant",
    "Conditionnement": "Par sac de 5 kg.",
    "Unité de commande": "sac",
    "Prix": "9,70 EUR",
    "Prix à l'unité de mesure": "1,94 EUR / kg",
    "Prix à la portion": "",
    "DLC garantie au client": "30 jour(s)"
  },
  {
    "Rayon": "Boissons",
    "Libellé produit": "Vittel",
    "Marque": "VITTEL",
    "Code Produit": "026286",
    "Température": "Ambiant",
    "Conditionnement": "Bouteille de 1.5 litre. Colis de 12 bouteilles.",
    "Unité de commande": "colis",
    "Prix": "12,91 EUR",
    "Prix à l'unité de mesure": "0,72 EUR / L",
    "Prix à la portion": "1,08 EUR / bouteille",
    "DLC garantie au client": "30 jour(s)"
  },
  {
    "Rayon": "Pâtisserie Biscuiterie Confiserie",
    "Libellé produit": "Crepe dentelle x 2",
    "Marque": "GAVOTTES",
    "Code Produit": "027615",
    "Température": "Ambiant",
    "Conditionnement": "Portion de 10.417 g. Boite de 120 portions.",
    "Unité de commande": "boite",
    "Prix": "29,26 EUR",
    "Prix à l'unité de mesure": "23,41 EUR / kg",
    "Prix à la portion": "0,24 EUR / Portion",
    "DLC garantie au client": "30 jour(s)"
  },
  {
    "Rayon": "Fruits et Légumes",
    "Libellé produit": "Pomme royal gala 136/165. catégorie 1. France",
    "Marque": "STKFL",
    "Code Produit": "030581",
    "Température": "Frais",
    "Conditionnement": "Par colis de 13 kg.",
    "Unité de commande": "colis",
    "Prix": "22,69 EUR",
    "Prix à l'unité de mesure": "1,75 EUR / kg",
    "Prix à la portion": "",
    "DLC garantie au client": ""
  },
  {
    "Rayon": "Desserts Glaces",
    "Libellé produit": "Mini tartelette sucrée pur. beurre",
    "Marque": "JEAN DUCOURTIEUX",
    "Code Produit": "032094",
    "Température": "Ambiant",
    "Conditionnement": "Portion de 5.6 g. Colis de 240 portions.",
    "Unité de commande": "colis",
    "Prix": "40,17 EUR",
    "Prix à l'unité de mesure": "29,89 EUR / kg",
    "Prix à la portion": "0,17 EUR / Portion",
    "DLC garantie au client": "30 jour(s)"
  },
  {
    "Rayon": "Épicerie",
    "Libellé produit": "Café Baccara. 1 filtre dose pour 1 carafe. ou 1 verseuse isotherme",
    "Marque": "MIKO",
    "Code Produit": "033146",
    "Température": "Ambiant",
    "Conditionnement": "Portion de 75 g. Colis de 36 portions.",
    "Unité de commande": "colis",
    "Prix": "46,52 EUR",
    "Prix à l'unité de mesure": "17,23 EUR / kg",
    "Prix à la portion": "1,29 EUR / Portion",
    "DLC garantie au client": "30 jour(s)"
  },
  {
    "Rayon": "Charcuterie Traiteur",
    "Libellé produit": "Jambon supérieur tranché dd. cuit au torchon vpf",
    "Marque": "MADRANGE",
    "Code Produit": "034280",
    "Température": "Frais",
    "Conditionnement": "Portion de 50 g. Sachet de 10 portions.",
    "Unité de commande": "sachet",
    "Prix": "6,41 EUR",
    "Prix à l'unité de mesure": "12,81 EUR / kg",
    "Prix à la portion": "0,64 EUR / Portion",
    "DLC garantie au client": "7 jour(s)"
  },
  {
    "Rayon": "Crèmerie Œufs Fromages",
    "Libellé produit": "Mozzarella Santa Lucia. 22% m.g.",
    "Marque": "GALBANI PRO",
    "Code Produit": "047001",
    "Température": "Frais",
    "Conditionnement": "Par pain de 1 kg. Colis de 4 pains.",
    "Unité de commande": "pain",
    "Prix": "14,83 EUR",
    "Prix à l'unité de mesure": "14,83 EUR / kg",
    "Prix à la portion": "59,33 EUR / colis",
    "DLC garantie au client": "7 jour(s)"
  },
  {
    "Rayon": "Crèmerie Œufs Fromages",
    "Libellé produit": "Beurre coupelle doux aop. coupelle + recharges",
    "Marque": "ISIGNY",
    "Code Produit": "048174",
    "Température": "Frais",
    "Conditionnement": "Pièce de 25 g. Colis de 48 pièces.",
    "Unité de commande": "colis",
    "Prix": "17,81 EUR",
    "Prix à l'unité de mesure": "14,84 EUR / kg",
    "Prix à la portion": "0,37 EUR / pièce",
    "DLC garantie au client": "7 jour(s)"
  },
  {
    "Rayon": "Crèmerie Œufs Fromages",
    "Libellé produit": "Crème fraiche épaisse légère. 15 % mg",
    "Marque": "PRESIDENT PRO",
    "Code Produit": "050534",
    "Température": "Frais",
    "Conditionnement": "Par seau de 5 litre.",
    "Unité de commande": "seau",
    "Prix": "22,35 EUR",
    "Prix à l'unité de mesure": "4,47 EUR / L",
    "Prix à la portion": "",
    "DLC garantie au client": "7 jour(s)"
  },
  {
    "Rayon": "Crèmerie Œufs Fromages",
    "Libellé produit": "Beurre doux micro pain",
    "Marque": "PRESIDENT",
    "Code Produit": "055095",
    "Température": "Frais",
    "Conditionnement": "Portion de 15 g. Boite de 100 portions.",
    "Unité de commande": "boite",
    "Prix": "21,27 EUR",
    "Prix à l'unité de mesure": "14,18 EUR / kg",
    "Prix à la portion": "0,21 EUR / Portion",
    "DLC garantie au client": "7 jour(s)"
  },
  {
    "Rayon": "Crèmerie Œufs Fromages",
    "Libellé produit": "Crème anglaise uht",
    "Marque": "DEBIC",
    "Code Produit": "055954",
    "Température": "Frais",
    "Conditionnement": "Par bouteille de 2 litre. Colis de 6 bouteilles.",
    "Unité de commande": "bouteille",
    "Prix": "5,72 EUR",
    "Prix à l'unité de mesure": "2,86 EUR / L",
    "Prix à la portion": "34,34 EUR / colis",
    "DLC garantie au client": "7 jour(s)"
  },
  {
    "Rayon": "Crèmerie Œufs Fromages",
    "Libellé produit": "Emmental 29 % m.g.",
    "Marque": "ENTREMONT",
    "Code Produit": "056374",
    "Température": "Frais",
    "Conditionnement": "Portion de 16.667 g. Coffret de 30 portions.",
    "Unité de commande": "coffret",
    "Prix": "8,98 EUR",
    "Prix à l'unité de mesure": "17,96 EUR / kg",
    "Prix à la portion": "0,30 EUR / Portion",
    "DLC garantie au client": "7 jour(s)"
  },
  {
    "Rayon": "Crèmerie Œufs Fromages",
    "Libellé produit": "Camembert 20 % m.g.",
    "Marque": "PRESIDENT",
    "Code Produit": "057653",
    "Température": "Frais",
    "Conditionnement": "Portion de 30 g. Boite de 8 portions.",
    "Unité de commande": "boite",
    "Prix": "2,70 EUR",
    "Prix à l'unité de mesure": "11,25 EUR / kg",
    "Prix à la portion": "0,34 EUR / Portion",
    "DLC garantie au client": "7 jour(s)"
  },
  {
    "Rayon": "Épicerie",
    "Libellé produit": "Chocolat en poudre 32 % cacao",
    "Marque": "MONBANA",
    "Code Produit": "057992",
    "Température": "Ambiant",
    "Conditionnement": "Portion de 15 g. Colis de 100 portions.",
    "Unité de commande": "colis",
    "Prix": "12,31 EUR",
    "Prix à l'unité de mesure": "8,21 EUR / kg",
    "Prix à la portion": "0,12 EUR / Portion",
    "DLC garantie au client": "30 jour(s)"
  },
  {
    "Rayon": "Crèmerie Œufs Fromages",
    "Libellé produit": "Beurre doux",
    "Marque": "PRESIDENT PROFESSIONNEL",
    "Code Produit": "059493",
    "Température": "Frais",
    "Conditionnement": "Par rouleau de 1 kg. Colis de 10 rouleaux.",
    "Unité de commande": "rouleau",
    "Prix": "10,41 EUR",
    "Prix à l'unité de mesure": "10,41 EUR / kg",
    "Prix à la portion": "104,14 EUR / colis",
    "DLC garantie au client": "7 jour(s)"
  },
  {
    "Rayon": "Crèmerie Œufs Fromages",
    "Libellé produit": "Tartare ail et fines herbes. 70 % m.g.",
    "Marque": "TARTARE",
    "Code Produit": "059766",
    "Température": "Frais",
    "Conditionnement": "Portion de 16 g. Coffret de 32 portions.",
    "Unité de commande": "coffret",
    "Prix": "8,20 EUR",
    "Prix à l'unité de mesure": "16,02 EUR / kg",
    "Prix à la portion": "0,26 EUR / Portion",
    "DLC garantie au client": "7 jour(s)"
  },
  {
    "Rayon": "Épicerie",
    "Libellé produit": "Nescafé sélection",
    "Marque": "NESCAFE",
    "Code Produit": "059808",
    "Température": "Ambiant",
    "Conditionnement": "Portion de 2 g. Colis de 300 portions.",
    "Unité de commande": "colis",
    "Prix": "49,99 EUR",
    "Prix à l'unité de mesure": "83,32 EUR / kg",
    "Prix à la portion": "0,17 EUR / Portion",
    "DLC garantie au client": "30 jour(s)"
  },
  {
    "Rayon": "Épicerie",
    "Libellé produit": "Nescafé sélection décaféiné",
    "Marque": "NESCAFE",
    "Code Produit": "059840",
    "Température": "Ambiant",
    "Conditionnement": "Portion de 2 g. Colis de 300 portions.",
    "Unité de commande": "colis",
    "Prix": "52,39 EUR",
    "Prix à l'unité de mesure": "87,32 EUR / kg",
    "Prix à la portion": "0,17 EUR / Portion",
    "DLC garantie au client": "30 jour(s)"
  },
  {
    "Rayon": "Épicerie",
    "Libellé produit": "Mélange d'olives pour. apéritif avec noyau",
    "Marque": "BARNIER",
    "Code Produit": "063115",
    "Température": "Frais",
    "Conditionnement": "Par seau de 5 kg.",
    "Unité de commande": "seau",
    "Prix": "30,30 EUR",
    "Prix à l'unité de mesure": "6,06 EUR / kg",
    "Prix à la portion": "",
    "DLC garantie au client": "7 jour(s)"
  },
  {
    "Rayon": "Pâtisserie Biscuiterie Confiserie",
    "Libellé produit": "Galette pur beurre x 2",
    "Marque": "ST MICHEL",
    "Code Produit": "069559",
    "Température": "Ambiant",
    "Conditionnement": "Portion de 13 g. Colis de 200 portions.",
    "Unité de commande": "colis",
    "Prix": "26,39 EUR",
    "Prix à l'unité de mesure": "10,15 EUR / kg",
    "Prix à la portion": "0,13 EUR / Portion",
    "DLC garantie au client": "30 jour(s)"
  },
  {
    "Rayon": "Fruits et Légumes",
    "Libellé produit": "Pastéque sans pépin. catégorie 1",
    "Marque": "STKFL",
    "Code Produit": "070298",
    "Température": "Frais",
    "Conditionnement": "Par pièce de 2 kg. Colis de 6 pièces.",
    "Unité de commande": "pièce",
    "Prix": "2,71 EUR",
    "Prix à l'unité de mesure": "1,36 EUR / kg",
    "Prix à la portion": "16,28 EUR / colis",
    "DLC garantie au client": ""
  },
  {
    "Rayon": "Accompagnements Assaisonnement",
    "Libellé produit": "Mise en place Pesto. basilic et ail",
    "Marque": "KNORR",
    "Code Produit": "070763",
    "Température": "Ambiant",
    "Conditionnement": "Par pot de 340 g. Colis de 2 pots.",
    "Unité de commande": "pot",
    "Prix": "15,27 EUR",
    "Prix à l'unité de mesure": "44,91 EUR / kg",
    "Prix à la portion": "30,54 EUR / colis",
    "DLC garantie au client": "30 jour(s)"
  },
  {
    "Rayon": "Desserts Glaces",
    "Libellé produit": "Cuillers pâtissière Le 1900. 4 barquettes de 32 cuillers",
    "Marque": "DELOS",
    "Code Produit": "076208",
    "Température": "Ambiant",
    "Conditionnement": "Portion de 12.5 g. Colis de 128 portions.",
    "Unité de commande": "colis",
    "Prix": "17,56 EUR",
    "Prix à l'unité de mesure": "10,97 EUR / kg",
    "Prix à la portion": "0,14 EUR / Portion",
    "DLC garantie au client": "30 jour(s)"
  },
  {
    "Rayon": "Épicerie",
    "Libellé produit": "Nescafé spécial filtre",
    "Marque": "NESCAFE",
    "Code Produit": "078832",
    "Température": "Ambiant",
    "Conditionnement": "Etui de 50 g. Colis de 12 etuis. Etui de 25 portions.",
    "Unité de commande": "colis",
    "Prix": "62,82 EUR",
    "Prix à l'unité de mesure": "104,70 EUR / kg",
    "Prix à la portion": "5,24 EUR / etui",
    "DLC garantie au client": "30 jour(s)"
  },
  {
    "Rayon": "Desserts Glaces",
    "Libellé produit": "Compote de pommes. allégée en sucres. hve",
    "Marque": "ST MAMET",
    "Code Produit": "081836",
    "Température": "Ambiant",
    "Conditionnement": "Portion de 100 g. Colis de 120 portions.",
    "Unité de commande": "colis",
    "Prix": "29,11 EUR",
    "Prix à l'unité de mesure": "2,43 EUR / kg",
    "Prix à la portion": "0,24 EUR / Portion",
    "DLC garantie au client": "30 jour(s)"
  },
  {
    "Rayon": "Crèmerie Œufs Fromages",
    "Libellé produit": "Port salut sous cave tranché. 27 % m.g.",
    "Marque": "BEL",
    "Code Produit": "083774",
    "Température": "Frais",
    "Conditionnement": "Portion de 30 g. Colis de 80 portions.",
    "Unité de commande": "colis",
    "Prix": "42,45 EUR",
    "Prix à l'unité de mesure": "17,69 EUR / kg",
    "Prix à la portion": "0,53 EUR / Portion",
    "DLC garantie au client": "7 jour(s)"
  },
  {
    "Rayon": "Accompagnements Assaisonnement",
    "Libellé produit": "Spaghetti. qualité supérieure",
    "Marque": "BARILLA",
    "Code Produit": "085316",
    "Température": "Ambiant",
    "Conditionnement": "Par sac de 5 kg. Colis de 3 sacs.",
    "Unité de commande": "sac",
    "Prix": "16,29 EUR",
    "Prix à l'unité de mesure": "3,26 EUR / kg",
    "Prix à la portion": "48,86 EUR / colis",
    "DLC garantie au client": "30 jour(s)"
  },
  {
    "Rayon": "Épicerie",
    "Libellé produit": "Nestlé cacao mix milky",
    "Marque": "NESTLE",
    "Code Produit": "095026",
    "Température": "Ambiant",
    "Conditionnement": "Par poche de 1 kg. Colis de 10 poches.",
    "Unité de commande": "poche",
    "Prix": "8,40 EUR",
    "Prix à l'unité de mesure": "8,40 EUR / kg",
    "Prix à la portion": "84,03 EUR / colis",
    "DLC garantie au client": "30 jour(s)"
  },
  {
    "Rayon": "Accompagnements Assaisonnement",
    "Libellé produit": "Penne rigate. qualité supérieure",
    "Marque": "BARILLA",
    "Code Produit": "098699",
    "Température": "Ambiant",
    "Conditionnement": "Par sac de 5 kg. Colis de 3 sacs.",
    "Unité de commande": "sac",
    "Prix": "15,31 EUR",
    "Prix à l'unité de mesure": "3,06 EUR / kg",
    "Prix à la portion": "45,92 EUR / colis",
    "DLC garantie au client": "30 jour(s)"
  },
  {
    "Rayon": "Épicerie",
    "Libellé produit": "Nesquik",
    "Marque": "NESQUIK",
    "Code Produit": "099432",
    "Température": "Ambiant",
    "Conditionnement": "Par boite de 1 kg. Colis de 12 boites.",
    "Unité de commande": "boite",
    "Prix": "11,29 EUR",
    "Prix à l'unité de mesure": "11,29 EUR / kg",
    "Prix à la portion": "135,49 EUR / colis",
    "DLC garantie au client": "30 jour(s)"
  },
  {
    "Rayon": "Épicerie",
    "Libellé produit": "Abricots préservés",
    "Marque": "LA PULPE",
    "Code Produit": 100466,
    "Température": "Ambiant",
    "Conditionnement": "Par boite 4/4 de 765 g. Colis de 12 boites 4/4.",
    "Unité de commande": "boite 4/4",
    "Prix": "2,28 EUR",
    "Prix à l'unité de mesure": "2,98 EUR / kg",
    "Prix à la portion": "27,35 EUR / colis",
    "DLC garantie au client": "30 jour(s)"
  },
  {
    "Rayon": "Épicerie",
    "Libellé produit": "Cocktail fruits préservés",
    "Marque": "ST MAMET",
    "Code Produit": 100606,
    "Température": "Ambiant",
    "Conditionnement": "Par boite 4/4 de 850 g. Colis de 12 boites 4/4.",
    "Unité de commande": "boite 4/4",
    "Prix": "4,37 EUR",
    "Prix à l'unité de mesure": "5,14 EUR / kg",
    "Prix à la portion": "52,43 EUR / colis",
    "DLC garantie au client": "30 jour(s)"
  },
  {
    "Rayon": "Charcuterie Traiteur",
    "Libellé produit": "Jambon supérieur dd cuit. au torchon vpf",
    "Marque": "MADRANGE",
    "Code Produit": 100623,
    "Température": "Frais",
    "Conditionnement": "Portion de 45 g. Barquette de 16 portions.",
    "Unité de commande": "barquette",
    "Prix": "8,94 EUR",
    "Prix à l'unité de mesure": "12,41 EUR / kg",
    "Prix à la portion": "0,56 EUR / Portion",
    "DLC garantie au client": "7 jour(s)"
  },
  {
    "Rayon": "Boissons",
    "Libellé produit": "Jus de pomme douce",
    "Marque": "TROPICANA",
    "Code Produit": 100801,
    "Température": "Ambiant",
    "Conditionnement": "Par bag in box de 3 litre. Colis de 3 bags in box.",
    "Unité de commande": "bag in box",
    "Prix": "11,41 EUR",
    "Prix à l'unité de mesure": "3,81 EUR / L",
    "Prix à la portion": "34,24 EUR / colis",
    "DLC garantie au client": "30 jour(s)"
  },
  {
    "Rayon": "Épicerie",
    "Libellé produit": "Miel mille fleurs crémeux",
    "Marque": "EUROMIEL",
    "Code Produit": 100922,
    "Température": "Ambiant",
    "Conditionnement": "Par pot de 1 kg. Colis de 6 pots.",
    "Unité de commande": "pot",
    "Prix": "7,48 EUR",
    "Prix à l'unité de mesure": "7,48 EUR / kg",
    "Prix à la portion": "44,89 EUR / colis",
    "DLC garantie au client": "30 jour(s)"
  },
  {
    "Rayon": "Accompagnements Assaisonnement",
    "Libellé produit": "Sauce anglaise worcester",
    "Marque": "HEINZ",
    "Code Produit": 100949,
    "Température": "Ambiant",
    "Conditionnement": "Par flacon de 150 ml. Colis de 12 flacons.",
    "Unité de commande": "flacon",
    "Prix": "2,63 EUR",
    "Prix à l'unité de mesure": "17,56 EUR / L",
    "Prix à la portion": "31,61 EUR / colis",
    "DLC garantie au client": "30 jour(s)"
  },
  {
    "Rayon": "Boissons",
    "Libellé produit": "Cocktail multifruit",
    "Marque": "PLEIN FRUIT",
    "Code Produit": 100975,
    "Température": "Ambiant",
    "Conditionnement": "Brick de 1 litre. Colis de 6 bricks.",
    "Unité de commande": "colis",
    "Prix": "8,92 EUR",
    "Prix à l'unité de mesure": "1,49 EUR / L",
    "Prix à la portion": "1,49 EUR / brick",
    "DLC garantie au client": "30 jour(s)"
  },
  {
    "Rayon": "Boissons",
    "Libellé produit": "Jus orange pressée",
    "Marque": "ANDROS",
    "Code Produit": 101288,
    "Température": "Frais",
    "Conditionnement": "Bouteille de 1 litre. Colis de 6 bouteilles.",
    "Unité de commande": "colis",
    "Prix": "20,65 EUR",
    "Prix à l'unité de mesure": "3,44 EUR / L",
    "Prix à la portion": "3,44 EUR / bouteille",
    "DLC garantie au client": "7 jour(s)"
  },
  {
    "Rayon": "Boissons",
    "Libellé produit": "Jus pamplemousse rose",
    "Marque": "ANDROS",
    "Code Produit": 101293,
    "Température": "Frais",
    "Conditionnement": "Bouteille de 1 litre. Colis de 6 bouteilles.",
    "Unité de commande": "colis",
    "Prix": "25,21 EUR",
    "Prix à l'unité de mesure": "4,20 EUR / L",
    "Prix à la portion": "4,20 EUR / bouteille",
    "DLC garantie au client": "7 jour(s)"
  },
  {
    "Rayon": "Boissons",
    "Libellé produit": "Jus pomme pressee. bouteille de 1 l",
    "Marque": "ANDROS",
    "Code Produit": 101300,
    "Température": "Frais",
    "Conditionnement": "Bouteille de 1 litre. Colis de 6 bouteilles.",
    "Unité de commande": "colis",
    "Prix": "22,63 EUR",
    "Prix à l'unité de mesure": "3,77 EUR / L",
    "Prix à la portion": "3,77 EUR / bouteille",
    "DLC garantie au client": "7 jour(s)"
  },
  {
    "Rayon": "Viandes Volailles Gibier",
    "Libellé produit": "Gigot d'agneau désossé. frais ou decongele",
    "Marque": "BEAUVALLET NEGOCE",
    "Code Produit": 101398,
    "Température": "Frais",
    "Conditionnement": "Par pièce de 2 kg.",
    "Unité de commande": "pièce",
    "Prix": "37,76 EUR",
    "Prix à l'unité de mesure": "18,88 EUR / kg",
    "Prix à la portion": "",
    "DLC garantie au client": "7 jour(s)"
  },
  {
    "Rayon": "Viandes Volailles Gibier",
    "Libellé produit": "Tartare aux couteaux charolais. pur boeuf vbf 3 % m.g.",
    "Marque": "BEAUVALLET RESTAURATION",
    "Code Produit": 101399,
    "Température": "Frais",
    "Conditionnement": "Portion de 180 g. Colis de 16 portions.",
    "Unité de commande": "colis",
    "Prix": "54,06 EUR",
    "Prix à l'unité de mesure": "18,77 EUR / kg",
    "Prix à la portion": "3,38 EUR / Portion",
    "DLC garantie au client": "5 jour(s)"
  },
  {
    "Rayon": "Accompagnements Assaisonnement",
    "Libellé produit": "Sauce tomate oignon bio. boite 3/1",
    "Marque": "D'AUCY",
    "Code Produit": 101452,
    "Température": "Ambiant",
    "Conditionnement": "Par boite 3/1 de 2.5 kg. Colis de 3 boites 3/1.",
    "Unité de commande": "boite 3/1",
    "Prix": "15,68 EUR",
    "Prix à l'unité de mesure": "6,27 EUR / kg",
    "Prix à la portion": "47,05 EUR / colis",
    "DLC garantie au client": "30 jour(s)"
  },
  {
    "Rayon": "Viandes Volailles Gibier",
    "Libellé produit": "Sauté de canard sans os, sans. peau",
    "Marque": "LE GAULOIS PROF",
    "Code Produit": 101475,
    "Température": "Frais",
    "Conditionnement": "Poche de 2.5 kg. Colis de 2 poches.",
    "Unité de commande": "colis",
    "Prix": "83,73 EUR",
    "Prix à l'unité de mesure": "16,75 EUR / kg",
    "Prix à la portion": "41,87 EUR / poche",
    "DLC garantie au client": "7 jour(s)"
  },
  {
    "Rayon": "Viandes Volailles Gibier",
    "Libellé produit": "Faux filet semi-paré vbf",
    "Marque": "BEAUVALLET NEGOCE",
    "Code Produit": 101479,
    "Température": "Frais",
    "Conditionnement": "Par pièce de 6 kg.",
    "Unité de commande": "pièce",
    "Prix": "123,64 EUR",
    "Prix à l'unité de mesure": "20,61 EUR / kg",
    "Prix à la portion": "",
    "DLC garantie au client": "7 jour(s)"
  },
  {
    "Rayon": "Viandes Volailles Gibier",
    "Libellé produit": "Filet de boeuf semi-paré vbf",
    "Marque": "BEAUVALLET NEGOCE",
    "Code Produit": 101480,
    "Température": "Frais",
    "Conditionnement": "Par pièce de 3 kg.",
    "Unité de commande": "pièce",
    "Prix": "88,97 EUR",
    "Prix à l'unité de mesure": "29,66 EUR / kg",
    "Prix à la portion": "",
    "DLC garantie au client": "7 jour(s)"
  },
  {
    "Rayon": "Poissons Coquillages Crustacés",
    "Libellé produit": "Saumon",
    "Marque": "",
    "Code Produit": 101481,
    "Température": "Frais",
    "Conditionnement": "Par pièce de 3.5 kg.",
    "Unité de commande": "pièce",
    "Prix": "43,84 EUR",
    "Prix à l'unité de mesure": "12,53 EUR / kg",
    "Prix à la portion": "",
    "DLC garantie au client": "2 jour(s)"
  },
  {
    "Rayon": "Poissons Coquillages Crustacés",
    "Libellé produit": "Préparation de noix St Jacques. sans corail calibre 10/20. decongelée avec eau ajoutée",
    "Marque": "",
    "Code Produit": 101484,
    "Température": "Frais",
    "Conditionnement": "Par barquette de 1 kg.",
    "Unité de commande": "barquette",
    "Prix": "48,21 EUR",
    "Prix à l'unité de mesure": "48,21 EUR / kg",
    "Prix à la portion": "",
    "DLC garantie au client": "2 jour(s)"
  },
  {
    "Rayon": "Pains Viennoiserie Pâtes",
    "Libellé produit": "Pain de mie complet. dimension 10 x 10 cm. 24 tranches",
    "Marque": "HARRYS FOOD SERVICE",
    "Code Produit": 101655,
    "Température": "Ambiant",
    "Conditionnement": "Paquet de 500 g. Colis de 8 paquets.",
    "Unité de commande": "colis",
    "Prix": "15,87 EUR",
    "Prix à l'unité de mesure": "3,97 EUR / kg",
    "Prix à la portion": "1,98 EUR / paquet",
    "DLC garantie au client": "7 jour(s)"
  },
  {
    "Rayon": "Crèmerie Œufs Fromages",
    "Libellé produit": "Oeufs pochés. calibre 43/53g",
    "Marque": "OVOTEAM",
    "Code Produit": 101718,
    "Température": "Frais",
    "Conditionnement": "Portion de 48.75 g. Seau de 24 portions.",
    "Unité de commande": "seau",
    "Prix": "16,13 EUR",
    "Prix à l'unité de mesure": "13,79 EUR / kg",
    "Prix à la portion": "0,67 EUR / Portion",
    "DLC garantie au client": "7 jour(s)"
  },
  {
    "Rayon": "Pains Viennoiserie Pâtes",
    "Libellé produit": "Pain pochon lalos",
    "Marque": "BRIDOR",
    "Code Produit": 101744,
    "Température": "Surgele",
    "Conditionnement": "Portion de 450 g. Colis de 16 portions.",
    "Unité de commande": "colis",
    "Prix": "30,04 EUR",
    "Prix à l'unité de mesure": "4,17 EUR / kg",
    "Prix à la portion": "1,88 EUR / Portion",
    "DLC garantie au client": "30 jour(s)"
  },
  {
    "Rayon": "Accompagnements Assaisonnement",
    "Libellé produit": "Roux Blanc Instantané. Déshydraté 1kg",
    "Marque": "KNORR",
    "Code Produit": 101758,
    "Température": "Ambiant",
    "Conditionnement": "Par boite de 1 kg. Colis de 6 boites.",
    "Unité de commande": "boite",
    "Prix": "12,06 EUR",
    "Prix à l'unité de mesure": "12,06 EUR / kg",
    "Prix à la portion": "72,36 EUR / colis",
    "DLC garantie au client": "30 jour(s)"
  },
  {
    "Rayon": "Épicerie",
    "Libellé produit": "Sirop d'érable",
    "Marque": "MAPLE JOE",
    "Code Produit": 101876,
    "Température": "Ambiant",
    "Conditionnement": "Par bidon de 500 ml. Colis de 6 bidons.",
    "Unité de commande": "bidon",
    "Prix": "10,05 EUR",
    "Prix à l'unité de mesure": "20,11 EUR / L",
    "Prix à la portion": "60,32 EUR / colis",
    "DLC garantie au client": "30 jour(s)"
  },
  {
    "Rayon": "Accompagnements Assaisonnement",
    "Libellé produit": "Riz étuvé indica qualité. supérieure",
    "Marque": "VIVIEN PAILLE",
    "Code Produit": 101994,
    "Température": "Ambiant",
    "Conditionnement": "Par sac de 5 kg.",
    "Unité de commande": "sac",
    "Prix": "10,48 EUR",
    "Prix à l'unité de mesure": "2,10 EUR / kg",
    "Prix à la portion": "",
    "DLC garantie au client": "30 jour(s)"
  },
  {
    "Rayon": "Pâtisserie Biscuiterie Confiserie",
    "Libellé produit": "M&M's peanut",
    "Marque": "M&M'S",
    "Code Produit": 102150,
    "Température": "Ambiant",
    "Conditionnement": "Portion de 45 g. Colis de 36 portions.",
    "Unité de commande": "colis",
    "Prix": "33,82 EUR",
    "Prix à l'unité de mesure": "20,88 EUR / kg",
    "Prix à la portion": "0,94 EUR / Portion",
    "DLC garantie au client": "30 jour(s)"
  },
  {
    "Rayon": "Accompagnements Assaisonnement",
    "Libellé produit": "Riz arborio qualité supérieure",
    "Marque": "VIVIEN PAILLE",
    "Code Produit": 102201,
    "Température": "Ambiant",
    "Conditionnement": "Par sachet de 1 kg. Colis de 6 sachets.",
    "Unité de commande": "sachet",
    "Prix": "3,68 EUR",
    "Prix à l'unité de mesure": "3,68 EUR / kg",
    "Prix à la portion": "22,07 EUR / colis",
    "DLC garantie au client": "30 jour(s)"
  },
  {
    "Rayon": "Pâtisserie Biscuiterie Confiserie",
    "Libellé produit": "Twix",
    "Marque": "TWIX",
    "Code Produit": 102238,
    "Température": "Ambiant",
    "Conditionnement": "Portion de 50 g. Boite de 32 portions.",
    "Unité de commande": "boite",
    "Prix": "24,62 EUR",
    "Prix à l'unité de mesure": "15,39 EUR / kg",
    "Prix à la portion": "0,77 EUR / Portion",
    "DLC garantie au client": "30 jour(s)"
  },
  {
    "Rayon": "Boissons",
    "Libellé produit": "San Pellegrino vrac",
    "Marque": "SAN PELLEGRINO",
    "Code Produit": 102337,
    "Température": "Ambiant",
    "Conditionnement": "Portion de 500 ml. Colis de 24 portions.",
    "Unité de commande": "colis",
    "Prix": "19,26 EUR",
    "Prix à l'unité de mesure": "1,61 EUR / L",
    "Prix à la portion": "0,80 EUR / Portion",
    "DLC garantie au client": "30 jour(s)"
  },
  {
    "Rayon": "Accompagnements Assaisonnement",
    "Libellé produit": "Sauce salade et sandwich. Caesar 1L",
    "Marque": "AMORA",
    "Code Produit": 102691,
    "Température": "Ambiant",
    "Conditionnement": "Par flacon de 1 litre. Colis de 6 flacons.",
    "Unité de commande": "flacon",
    "Prix": "8,62 EUR",
    "Prix à l'unité de mesure": "8,62 EUR / L",
    "Prix à la portion": "51,72 EUR / colis",
    "DLC garantie au client": "30 jour(s)"
  },
  {
    "Rayon": "Charcuterie Traiteur",
    "Libellé produit": "Thon albacore nature",
    "Marque": "SAUPIQUET - FURIC",
    "Code Produit": 103150,
    "Température": "Ambiant",
    "Conditionnement": "Par poche de 650 g. Colis de 12 poches.",
    "Unité de commande": "poche",
    "Prix": "9,87 EUR",
    "Prix à l'unité de mesure": "15,18 EUR / kg",
    "Prix à la portion": "118,38 EUR / colis",
    "DLC garantie au client": "30 jour(s)"
  },
  {
    "Rayon": "Charcuterie Traiteur",
    "Libellé produit": "Salami Danois pur porc",
    "Marque": "BERNI",
    "Code Produit": 103960,
    "Température": "Frais",
    "Conditionnement": "Par pièce de 2.8 kg.",
    "Unité de commande": "pièce",
    "Prix": "21,91 EUR",
    "Prix à l'unité de mesure": "7,83 EUR / kg",
    "Prix à la portion": "",
    "DLC garantie au client": "7 jour(s)"
  },
  {
    "Rayon": "Crèmerie Œufs Fromages",
    "Libellé produit": "Cantafrais nature. 23 % m.g.",
    "Marque": "BEL",
    "Code Produit": 104059,
    "Température": "Frais",
    "Conditionnement": "Portion de 16.667 g. Coffret de 54 portions.",
    "Unité de commande": "coffret",
    "Prix": "12,64 EUR",
    "Prix à l'unité de mesure": "14,04 EUR / kg",
    "Prix à la portion": "0,23 EUR / Portion",
    "DLC garantie au client": "7 jour(s)"
  },
  {
    "Rayon": "Boissons",
    "Libellé produit": "Jus d'orange abc avec pulpe",
    "Marque": "PLEIN FRUIT",
    "Code Produit": 104703,
    "Température": "Ambiant",
    "Conditionnement": "Brick de 1 litre. Colis de 6 bricks.",
    "Unité de commande": "colis",
    "Prix": "14,17 EUR",
    "Prix à l'unité de mesure": "2,36 EUR / L",
    "Prix à la portion": "2,36 EUR / brick",
    "DLC garantie au client": "30 jour(s)"
  },
  {
    "Rayon": "Boissons",
    "Libellé produit": "Jus de pomme france abc",
    "Marque": "PLEIN FRUIT",
    "Code Produit": 104711,
    "Température": "Ambiant",
    "Conditionnement": "Brick de 1 litre. Colis de 6 bricks.",
    "Unité de commande": "colis",
    "Prix": "8,02 EUR",
    "Prix à l'unité de mesure": "1,34 EUR / L",
    "Prix à la portion": "1,34 EUR / brick",
    "DLC garantie au client": "30 jour(s)"
  },
  {
    "Rayon": "Boissons",
    "Libellé produit": "Jus d'ananas",
    "Marque": "PLEIN FRUIT",
    "Code Produit": 104737,
    "Température": "Ambiant",
    "Conditionnement": "Brick de 1 litre. Colis de 6 bricks.",
    "Unité de commande": "colis",
    "Prix": "10,79 EUR",
    "Prix à l'unité de mesure": "1,80 EUR / L",
    "Prix à la portion": "1,80 EUR / brick",
    "DLC garantie au client": "30 jour(s)"
  },
  {
    "Rayon": "Boissons",
    "Libellé produit": "Jus de pamplemousse",
    "Marque": "PLEIN FRUIT",
    "Code Produit": 104745,
    "Température": "Ambiant",
    "Conditionnement": "Brick de 1 litre. Colis de 6 bricks.",
    "Unité de commande": "colis",
    "Prix": "11,50 EUR",
    "Prix à l'unité de mesure": "1,92 EUR / L",
    "Prix à la portion": "1,92 EUR / brick",
    "DLC garantie au client": "30 jour(s)"
  },
  {
    "Rayon": "Accompagnements Assaisonnement",
    "Libellé produit": "ketchup",
    "Marque": "HEINZ",
    "Code Produit": 109066,
    "Température": "Ambiant",
    "Conditionnement": "Par flacon de 570 g. Colis de 12 flacons.",
    "Unité de commande": "flacon",
    "Prix": "3,65 EUR",
    "Prix à l'unité de mesure": "6,40 EUR / kg",
    "Prix à la portion": "43,75 EUR / colis",
    "DLC garantie au client": "30 jour(s)"
  },
  {
    "Rayon": "Crèmerie Œufs Fromages",
    "Libellé produit": "Préparation liquide pour crème. brulée aux oeufs et à la. vanille bourbon",
    "Marque": "PRESIDENT PRO",
    "Code Produit": 110189,
    "Température": "Frais",
    "Conditionnement": "Par brick de 1 litre. Colis de 6 bricks.",
    "Unité de commande": "brick",
    "Prix": "6,07 EUR",
    "Prix à l'unité de mesure": "6,07 EUR / L",
    "Prix à la portion": "36,39 EUR / colis",
    "DLC garantie au client": "7 jour(s)"
  },
  {
    "Rayon": "Pâtisserie Biscuiterie Confiserie",
    "Libellé produit": "Madeleine aux oeufs. cloche d'argent",
    "Marque": "LE STER",
    "Code Produit": 111252,
    "Température": "Ambiant",
    "Conditionnement": "Portion de 25 g. Colis de 120 portions.",
    "Unité de commande": "colis",
    "Prix": "19,39 EUR",
    "Prix à l'unité de mesure": "6,46 EUR / kg",
    "Prix à la portion": "0,16 EUR / Portion",
    "DLC garantie au client": "7 jour(s)"
  },
  {
    "Rayon": "Desserts Glaces",
    "Libellé produit": "Compote pomme allégée",
    "Marque": "VALADE",
    "Code Produit": 111855,
    "Température": "Ambiant",
    "Conditionnement": "Par boite 4/4 de 850 g. Colis de 12 boites 4/4.",
    "Unité de commande": "boite 4/4",
    "Prix": "2,73 EUR",
    "Prix à l'unité de mesure": "3,21 EUR / kg",
    "Prix à la portion": "32,71 EUR / colis",
    "DLC garantie au client": "30 jour(s)"
  },
  {
    "Rayon": "Épicerie",
    "Libellé produit": "Confiture de framboise extra",
    "Marque": "VALADE EN CORREZE",
    "Code Produit": 112664,
    "Température": "Ambiant",
    "Conditionnement": "Par bocal de 1 kg. Colis de 6 bocaux.",
    "Unité de commande": "bocal",
    "Prix": "8,89 EUR",
    "Prix à l'unité de mesure": "8,89 EUR / kg",
    "Prix à la portion": "53,35 EUR / colis",
    "DLC garantie au client": "30 jour(s)"
  },
  {
    "Rayon": "Charcuterie Traiteur",
    "Libellé produit": "Feuilles de brick. avec intercalaires",
    "Marque": "JR",
    "Code Produit": 113092,
    "Température": "Frais",
    "Conditionnement": "Portion de 17 g. Paquet de 10 portions.",
    "Unité de commande": "paquet",
    "Prix": "1,10 EUR",
    "Prix à l'unité de mesure": "6,44 EUR / kg",
    "Prix à la portion": "0,11 EUR / Portion",
    "DLC garantie au client": "7 jour(s)"
  },
  {
    "Rayon": "Épicerie",
    "Libellé produit": "Sirop d'érable",
    "Marque": "MAPLE JOE",
    "Code Produit": 113613,
    "Température": "Ambiant",
    "Conditionnement": "Par bouteille de 250 ml. Colis de 12 bouteilles.",
    "Unité de commande": "bouteille",
    "Prix": "4,24 EUR",
    "Prix à l'unité de mesure": "16,95 EUR / L",
    "Prix à la portion": "50,86 EUR / colis",
    "DLC garantie au client": "30 jour(s)"
  },
  {
    "Rayon": "Desserts Glaces",
    "Libellé produit": "Tarte au chocolat. \"grand arôme\". diam. de 27 cm",
    "Marque": "BONCOLAC",
    "Code Produit": 115238,
    "Température": "Surgele",
    "Conditionnement": "Par pièce de 900 g. Colis de 6 pièces.",
    "Unité de commande": "pièce",
    "Prix": "9,44 EUR",
    "Prix à l'unité de mesure": "10,49 EUR / kg",
    "Prix à la portion": "56,63 EUR / colis",
    "DLC garantie au client": "30 jour(s)"
  },
  {
    "Rayon": "Accompagnements Assaisonnement",
    "Libellé produit": "Tagliatelles aux oeufs",
    "Marque": "PANZANI",
    "Code Produit": 115642,
    "Température": "Ambiant",
    "Conditionnement": "Par colis de 5 kg.",
    "Unité de commande": "colis",
    "Prix": "28,33 EUR",
    "Prix à l'unité de mesure": "5,67 EUR / kg",
    "Prix à la portion": "",
    "DLC garantie au client": "30 jour(s)"
  },
  {
    "Rayon": "Fruits et Légumes",
    "Libellé produit": "Orange lane late 4/5. catégorie 1",
    "Marque": "STKFL",
    "Code Produit": 115874,
    "Température": "Frais",
    "Conditionnement": "Par filet de 2 kg.",
    "Unité de commande": "filet",
    "Prix": "3,21 EUR",
    "Prix à l'unité de mesure": "1,61 EUR / kg",
    "Prix à la portion": "",
    "DLC garantie au client": ""
  },
  {
    "Rayon": "Épicerie",
    "Libellé produit": "Café moulu de Paris. 100 % arabica",
    "Marque": "QUOTIDIEN",
    "Code Produit": 117101,
    "Température": "Ambiant",
    "Conditionnement": "Portion de 80 g. Colis de 50 portions.",
    "Unité de commande": "colis",
    "Prix": "87,95 EUR",
    "Prix à l'unité de mesure": "21,99 EUR / kg",
    "Prix à la portion": "1,76 EUR / Portion",
    "DLC garantie au client": "30 jour(s)"
  },
  {
    "Rayon": "Épicerie",
    "Libellé produit": "Café moulu équilibre. 50 % arabica - 50 % robusta",
    "Marque": "QUOTIDIEN",
    "Code Produit": 117127,
    "Température": "Ambiant",
    "Conditionnement": "Portion de 80 g. Colis de 50 portions.",
    "Unité de commande": "colis",
    "Prix": "68,87 EUR",
    "Prix à l'unité de mesure": "17,22 EUR / kg",
    "Prix à la portion": "1,38 EUR / Portion",
    "DLC garantie au client": "30 jour(s)"
  },
  {
    "Rayon": "Accompagnements Assaisonnement",
    "Libellé produit": "Riz basmati qualité supérieure",
    "Marque": "VIVIEN PAILLE",
    "Code Produit": 120581,
    "Température": "Ambiant",
    "Conditionnement": "Par sac de 5 kg.",
    "Unité de commande": "sac",
    "Prix": "19,49 EUR",
    "Prix à l'unité de mesure": "3,90 EUR / kg",
    "Prix à la portion": "",
    "DLC garantie au client": "30 jour(s)"
  },
  {
    "Rayon": "Charcuterie Traiteur",
    "Libellé produit": "Jambon de dinde (10 x 10)",
    "Marque": "JEAN ROUTHIAU",
    "Code Produit": 120725,
    "Température": "Frais",
    "Conditionnement": "Par pièce de 2.5 kg. Colis de 3 pièces.",
    "Unité de commande": "pièce",
    "Prix": "22,87 EUR",
    "Prix à l'unité de mesure": "9,15 EUR / kg",
    "Prix à la portion": "68,60 EUR / colis",
    "DLC garantie au client": "7 jour(s)"
  },
  {
    "Rayon": "Crèmerie Œufs Fromages",
    "Libellé produit": "Emmental coeur de meule. 29 % m.g.",
    "Marque": "LA VIE DE CHATEAU",
    "Code Produit": 123406,
    "Température": "Frais",
    "Conditionnement": "Par pièce de 2 kg. Colis de 6 pièces.",
    "Unité de commande": "pièce",
    "Prix": "15,87 EUR",
    "Prix à l'unité de mesure": "7,94 EUR / kg",
    "Prix à la portion": "95,22 EUR / colis",
    "DLC garantie au client": "7 jour(s)"
  },
  {
    "Rayon": "Charcuterie Traiteur",
    "Libellé produit": "Plaque feuilletée pur beurre. épaisseur 2,8mm. 57 x 37 cm",
    "Marque": "BANQUET D'OR",
    "Code Produit": 124206,
    "Température": "Surgele",
    "Conditionnement": "Pièce de 714 g. Colis de 14 pièces.",
    "Unité de commande": "colis",
    "Prix": "103,53 EUR",
    "Prix à l'unité de mesure": "10,36 EUR / kg",
    "Prix à la portion": "7,40 EUR / pièce",
    "DLC garantie au client": "30 jour(s)"
  },
  {
    "Rayon": "Pâtisserie Biscuiterie Confiserie",
    "Libellé produit": "Cake rocher. aux pépites de chocolat",
    "Marque": "LE STER",
    "Code Produit": 127647,
    "Température": "Ambiant",
    "Conditionnement": "Portion de 37.5 g. Colis de 120 portions.",
    "Unité de commande": "colis",
    "Prix": "37,60 EUR",
    "Prix à l'unité de mesure": "8,36 EUR / kg",
    "Prix à la portion": "0,31 EUR / Portion",
    "DLC garantie au client": "30 jour(s)"
  },
  {
    "Rayon": "Pâtisserie Biscuiterie Confiserie",
    "Libellé produit": "Cake rocher aux fruits",
    "Marque": "LE STER",
    "Code Produit": 129395,
    "Température": "Ambiant",
    "Conditionnement": "Portion de 37.5 g. Colis de 120 portions.",
    "Unité de commande": "colis",
    "Prix": "32,35 EUR",
    "Prix à l'unité de mesure": "7,19 EUR / kg",
    "Prix à la portion": "0,27 EUR / Portion",
    "DLC garantie au client": "30 jour(s)"
  },
  {
    "Rayon": "Pâtisserie Biscuiterie Confiserie",
    "Libellé produit": "Madeleine de Commercy. pur beurre",
    "Marque": "ST MICHEL",
    "Code Produit": 130955,
    "Température": "Ambiant",
    "Conditionnement": "Portion de 25 g. Colis de 100 portions.",
    "Unité de commande": "colis",
    "Prix": "35,82 EUR",
    "Prix à l'unité de mesure": "14,33 EUR / kg",
    "Prix à la portion": "0,36 EUR / Portion",
    "DLC garantie au client": "7 jour(s)"
  },
  {
    "Rayon": "Pâtisserie Biscuiterie Confiserie",
    "Libellé produit": "Madeleine de Commercy. aux oeufs frais",
    "Marque": "ST MICHEL",
    "Code Produit": 130963,
    "Température": "Ambiant",
    "Conditionnement": "Portion de 21 g. Colis de 100 portions.",
    "Unité de commande": "colis",
    "Prix": "18,24 EUR",
    "Prix à l'unité de mesure": "8,69 EUR / kg",
    "Prix à la portion": "0,18 EUR / Portion",
    "DLC garantie au client": "7 jour(s)"
  },
  {
    "Rayon": "Boissons",
    "Libellé produit": "Eau minérale evian",
    "Marque": "EVIAN",
    "Code Produit": 134080,
    "Température": "Ambiant",
    "Conditionnement": "Bouteille de 1 litre. Colis de 12 bouteilles.",
    "Unité de commande": "colis",
    "Prix": "12,40 EUR",
    "Prix à l'unité de mesure": "1,03 EUR / L",
    "Prix à la portion": "1,03 EUR / bouteille",
    "DLC garantie au client": "30 jour(s)"
  },
  {
    "Rayon": "Charcuterie Traiteur",
    "Libellé produit": "Fondant de poulet farci aux. cèpes",
    "Marque": "JEAN ROUTHIAU",
    "Code Produit": 134221,
    "Température": "Surgele",
    "Conditionnement": "Portion de 160 g. Colis de 30 portions.",
    "Unité de commande": "colis",
    "Prix": "54,58 EUR",
    "Prix à l'unité de mesure": "11,37 EUR / kg",
    "Prix à la portion": "1,82 EUR / Portion",
    "DLC garantie au client": "30 jour(s)"
  },
  {
    "Rayon": "Épicerie",
    "Libellé produit": "Nescafé spécial filtre. décaféiné",
    "Marque": "NESCAFE",
    "Code Produit": 140475,
    "Température": "Ambiant",
    "Conditionnement": "Etui de 50 g. Colis de 12 etuis. Etui de 25 portions.",
    "Unité de commande": "colis",
    "Prix": "63,72 EUR",
    "Prix à l'unité de mesure": "106,20 EUR / kg",
    "Prix à la portion": "5,31 EUR / etui",
    "DLC garantie au client": "30 jour(s)"
  },
  {
    "Rayon": "Épicerie",
    "Libellé produit": "Marmelade d'orange amère",
    "Marque": "BONNE MAMAN",
    "Code Produit": 141549,
    "Température": "Ambiant",
    "Conditionnement": "Bocal de 370 g. Colis de 6 bocaux.",
    "Unité de commande": "colis",
    "Prix": "12,90 EUR",
    "Prix à l'unité de mesure": "5,81 EUR / kg",
    "Prix à la portion": "2,15 EUR / bocal",
    "DLC garantie au client": "30 jour(s)"
  },
  {
    "Rayon": "Crèmerie Œufs Fromages",
    "Libellé produit": "Beurre demi sel micropain",
    "Marque": "PRESIDENT",
    "Code Produit": 142778,
    "Température": "Frais",
    "Conditionnement": "Portion de 10 g. Boite de 100 portions.",
    "Unité de commande": "boite",
    "Prix": "12,16 EUR",
    "Prix à l'unité de mesure": "12,16 EUR / kg",
    "Prix à la portion": "0,12 EUR / Portion",
    "DLC garantie au client": "7 jour(s)"
  },
  {
    "Rayon": "Fruits et Légumes",
    "Libellé produit": "Ananas extra sweet avion A6. catégorie 1",
    "Marque": "STKFL",
    "Code Produit": 142834,
    "Température": "Frais",
    "Conditionnement": "Pièce de 1 kg. Colis de 6 pièces.",
    "Unité de commande": "colis",
    "Prix": "54,52 EUR",
    "Prix à l'unité de mesure": "9,09 EUR / kg",
    "Prix à la portion": "9,09 EUR / pièce",
    "DLC garantie au client": ""
  },
  {
    "Rayon": "Épicerie",
    "Libellé produit": "Confiture 3 parfums assortis. abricots, fraises, groseilles. 30 g",
    "Marque": "VALADE EN CORREZE",
    "Code Produit": 148973,
    "Température": "Ambiant",
    "Conditionnement": "Portion de 30 g. Colis de 120 portions.",
    "Unité de commande": "colis",
    "Prix": "13,40 EUR",
    "Prix à l'unité de mesure": "3,72 EUR / kg",
    "Prix à la portion": "0,11 EUR / Portion",
    "DLC garantie au client": "30 jour(s)"
  },
  {
    "Rayon": "Fruits et Légumes",
    "Libellé produit": "Melon charentais vert 750/975. catégorie 1",
    "Marque": "STKFL",
    "Code Produit": 153313,
    "Température": "Frais",
    "Conditionnement": "Par pièce de 875 g. Colis de 12 pièces.",
    "Unité de commande": "pièce",
    "Prix": "3,47 EUR",
    "Prix à l'unité de mesure": "3,96 EUR / kg",
    "Prix à la portion": "41,60 EUR / colis",
    "DLC garantie au client": ""
  },
  {
    "Rayon": "Crèmerie Œufs Fromages",
    "Libellé produit": "Micro-beurrier demi sel 80 %. m.g.",
    "Marque": "PRESIDENT",
    "Code Produit": 157610,
    "Température": "Frais",
    "Conditionnement": "Boite de 1 kg. Colis de 6 boites. Boite de 100 portions.",
    "Unité de commande": "colis",
    "Prix": "84,85 EUR",
    "Prix à l'unité de mesure": "14,14 EUR / kg",
    "Prix à la portion": "14,14 EUR / boite",
    "DLC garantie au client": "7 jour(s)"
  },
  {
    "Rayon": "Charcuterie Traiteur",
    "Libellé produit": "Jambon supérieur entier dd. cuit au torchon vpf",
    "Marque": "MADRANGE",
    "Code Produit": 157677,
    "Température": "Frais",
    "Conditionnement": "Pièce de 6.7 kg. Colis de 2 pièces.",
    "Unité de commande": "colis",
    "Prix": "142,82 EUR",
    "Prix à l'unité de mesure": "10,66 EUR / kg",
    "Prix à la portion": "71,41 EUR / pièce",
    "DLC garantie au client": "7 jour(s)"
  },
  {
    "Rayon": "Crèmerie Œufs Fromages",
    "Libellé produit": "Crème fouettée uht à la. vanille, 32% m.g.",
    "Marque": "PRESIDENT PRO",
    "Code Produit": 158873,
    "Température": "Frais",
    "Conditionnement": "Par bombe de 500 ml. Colis de 12 bombes.",
    "Unité de commande": "bombe",
    "Prix": "5,97 EUR",
    "Prix à l'unité de mesure": "11,95 EUR / L",
    "Prix à la portion": "71,69 EUR / colis",
    "DLC garantie au client": "7 jour(s)"
  },
  {
    "Rayon": "Accompagnements Assaisonnement",
    "Libellé produit": "SEL FIN. SACHET PLASTIQUE DE 1 KG",
    "Marque": "CEDO",
    "Code Produit": 160820,
    "Température": "Ambiant",
    "Conditionnement": "Par sachet de 1 kg. Colis de 10 sachets.",
    "Unité de commande": "sachet",
    "Prix": "0,54 EUR",
    "Prix à l'unité de mesure": "0,54 EUR / kg",
    "Prix à la portion": "5,37 EUR / colis",
    "DLC garantie au client": "30 jour(s)"
  },
  {
    "Rayon": "Épicerie",
    "Libellé produit": "Café grains emozioni",
    "Marque": "SEGAFREDO ZANETTI",
    "Code Produit": 161794,
    "Température": "Ambiant",
    "Conditionnement": "Par paquet de 1 kg. Colis de 6 paquets.",
    "Unité de commande": "paquet",
    "Prix": "26,79 EUR",
    "Prix à l'unité de mesure": "26,79 EUR / kg",
    "Prix à la portion": "160,75 EUR / colis",
    "DLC garantie au client": "30 jour(s)"
  },
  {
    "Rayon": "Crèmerie Œufs Fromages",
    "Libellé produit": "Mascarpone 41.5 % m.g.",
    "Marque": "GALBANI PRO",
    "Code Produit": 162768,
    "Température": "Frais",
    "Conditionnement": "Par pot de 500 g. Colis de 8 pots.",
    "Unité de commande": "pot",
    "Prix": "6,95 EUR",
    "Prix à l'unité de mesure": "13,90 EUR / kg",
    "Prix à la portion": "55,58 EUR / colis",
    "DLC garantie au client": "7 jour(s)"
  },
  {
    "Rayon": "Fruits et Légumes",
    "Libellé produit": "Chou chinois. catégorie 1",
    "Marque": "STKFL",
    "Code Produit": 164153,
    "Température": "Frais",
    "Conditionnement": "Par pièce de 800 g. Colis de 8 pièces.",
    "Unité de commande": "pièce",
    "Prix": "1,94 EUR",
    "Prix à l'unité de mesure": "2,42 EUR / kg",
    "Prix à la portion": "15,49 EUR / colis",
    "DLC garantie au client": ""
  },
  {
    "Rayon": "Crèmerie Œufs Fromages",
    "Libellé produit": "Tranche d'emmental 28 %. m.g., spécial sandwich",
    "Marque": "PRESIDENT PRO",
    "Code Produit": 173336,
    "Température": "Frais",
    "Conditionnement": "Portion de 15 g. Barquette de 32 portions.",
    "Unité de commande": "barquette",
    "Prix": "8,67 EUR",
    "Prix à l'unité de mesure": "18,06 EUR / kg",
    "Prix à la portion": "0,27 EUR / Portion",
    "DLC garantie au client": "7 jour(s)"
  },
  {
    "Rayon": "Épicerie",
    "Libellé produit": "Confiture de fraises",
    "Marque": "BONNE MAMAN",
    "Code Produit": 177246,
    "Température": "Ambiant",
    "Conditionnement": "Bocal de 370 g. Colis de 6 bocaux.",
    "Unité de commande": "colis",
    "Prix": "17,59 EUR",
    "Prix à l'unité de mesure": "7,92 EUR / kg",
    "Prix à la portion": "2,93 EUR / bocal",
    "DLC garantie au client": "30 jour(s)"
  },
  {
    "Rayon": "Épicerie",
    "Libellé produit": "Confiture d'abricots",
    "Marque": "BONNE MAMAN",
    "Code Produit": 177253,
    "Température": "Ambiant",
    "Conditionnement": "Par bocal de 370 g. Colis de 6 bocaux.",
    "Unité de commande": "bocal",
    "Prix": "2,58 EUR",
    "Prix à l'unité de mesure": "6,98 EUR / kg",
    "Prix à la portion": "15,49 EUR / colis",
    "DLC garantie au client": "30 jour(s)"
  },
  {
    "Rayon": "Épicerie",
    "Libellé produit": "Confiture 4 fruits rouges",
    "Marque": "BONNE MAMAN",
    "Code Produit": 177261,
    "Température": "Ambiant",
    "Conditionnement": "Bocal de 370 g. Colis de 6 bocaux.",
    "Unité de commande": "colis",
    "Prix": "17,26 EUR",
    "Prix à l'unité de mesure": "7,78 EUR / kg",
    "Prix à la portion": "2,88 EUR / bocal",
    "DLC garantie au client": "30 jour(s)"
  },
  {
    "Rayon": "Fruits et Légumes",
    "Libellé produit": "Avocat Hass mur à point. catégorie 1",
    "Marque": "STKFL",
    "Code Produit": 180019,
    "Température": "Frais",
    "Conditionnement": "Pièce de 181 g. Colis de 22 pièces.",
    "Unité de commande": "colis",
    "Prix": "20,15 EUR",
    "Prix à l'unité de mesure": "5,06 EUR / kg",
    "Prix à la portion": "0,92 EUR / pièce",
    "DLC garantie au client": ""
  },
  {
    "Rayon": "Crèmerie Œufs Fromages",
    "Libellé produit": "Beurre doux micropain",
    "Marque": "PRESIDENT",
    "Code Produit": 180315,
    "Température": "Frais",
    "Conditionnement": "Portion de 8 g. Boite de 125 portions.",
    "Unité de commande": "boite",
    "Prix": "14,38 EUR",
    "Prix à l'unité de mesure": "14,38 EUR / kg",
    "Prix à la portion": "0,12 EUR / Portion",
    "DLC garantie au client": "7 jour(s)"
  },
  {
    "Rayon": "Épicerie",
    "Libellé produit": "Plaque de pain de mie. dim. 30 x 40 cm",
    "Marque": "BONCOLAC",
    "Code Produit": 184366,
    "Température": "Surgele",
    "Conditionnement": "Lot de 1.25 kg. Colis de 4 lots. Lot de 5 portions.",
    "Unité de commande": "colis",
    "Prix": "60,25 EUR",
    "Prix à l'unité de mesure": "12,05 EUR / kg",
    "Prix à la portion": "15,06 EUR / lot",
    "DLC garantie au client": "30 jour(s)"
  },
  {
    "Rayon": "Desserts Glaces",
    "Libellé produit": "Gâteau basque pur beurre. diam. de 27 cm",
    "Marque": "BONCOLAC",
    "Code Produit": 184408,
    "Température": "Surgele",
    "Conditionnement": "Par pièce de 1 kg. Colis de 6 pièces.",
    "Unité de commande": "pièce",
    "Prix": "6,96 EUR",
    "Prix à l'unité de mesure": "6,96 EUR / kg",
    "Prix à la portion": "41,76 EUR / colis",
    "DLC garantie au client": "30 jour(s)"
  },
  {
    "Rayon": "Viandes Volailles Gibier",
    "Libellé produit": "Steak haché grand cru pur. boeuf 15 % m.g.. vbf 100% muscle",
    "Marque": "CHARAL",
    "Code Produit": 184937,
    "Température": "Surgele",
    "Conditionnement": "Portion de 150 g. Colis de 40 portions.",
    "Unité de commande": "colis",
    "Prix": "81,13 EUR",
    "Prix à l'unité de mesure": "13,52 EUR / kg",
    "Prix à la portion": "2,03 EUR / Portion",
    "DLC garantie au client": "30 jour(s)"
  },
  {
    "Rayon": "Charcuterie Traiteur",
    "Libellé produit": "Saucisse supérieure fumée. cuite au bois d'hetre",
    "Marque": "CHARLES KELLER",
    "Code Produit": 186809,
    "Température": "Frais",
    "Conditionnement": "Portion de 60 g. Paquet de 20 portions.",
    "Unité de commande": "paquet",
    "Prix": "10,92 EUR",
    "Prix à l'unité de mesure": "9,10 EUR / kg",
    "Prix à la portion": "0,55 EUR / Portion",
    "DLC garantie au client": "7 jour(s)"
  },
  {
    "Rayon": "Épicerie",
    "Libellé produit": "Confiture de figues violettes",
    "Marque": "BONNE MAMAN",
    "Code Produit": 188953,
    "Température": "Ambiant",
    "Conditionnement": "Par bocal de 370 g. Colis de 6 bocaux.",
    "Unité de commande": "bocal",
    "Prix": "2,36 EUR",
    "Prix à l'unité de mesure": "6,37 EUR / kg",
    "Prix à la portion": "14,14 EUR / colis",
    "DLC garantie au client": "30 jour(s)"
  },
  {
    "Rayon": "Accompagnements Assaisonnement",
    "Libellé produit": "Sauce soja Kikkoman salé",
    "Marque": "KIKKOMAN",
    "Code Produit": 192653,
    "Température": "Ambiant",
    "Conditionnement": "Par bouteille de 1 litre. Colis de 6 bouteilles.",
    "Unité de commande": "bouteille",
    "Prix": "13,00 EUR",
    "Prix à l'unité de mesure": "13,00 EUR / L",
    "Prix à la portion": "77,97 EUR / colis",
    "DLC garantie au client": "30 jour(s)"
  },
  {
    "Rayon": "Accompagnements Assaisonnement",
    "Libellé produit": "Vinaigre de cidre",
    "Marque": "BORGES",
    "Code Produit": 193429,
    "Température": "Ambiant",
    "Conditionnement": "Par bouteille de 1 litre. Colis de 15 bouteilles.",
    "Unité de commande": "bouteille",
    "Prix": "3,96 EUR",
    "Prix à l'unité de mesure": "3,96 EUR / L",
    "Prix à la portion": "59,34 EUR / colis",
    "DLC garantie au client": "30 jour(s)"
  },
  {
    "Rayon": "Fruits et Légumes",
    "Libellé produit": "Asperge verte 16/22. catégorie 1. France",
    "Marque": "STKFL",
    "Code Produit": 194165,
    "Température": "Frais",
    "Conditionnement": "Par pièce de 500 g. Colis de 8 pièces.",
    "Unité de commande": "pièce",
    "Prix": "6,27 EUR",
    "Prix à l'unité de mesure": "12,55 EUR / kg",
    "Prix à la portion": "50,19 EUR / colis",
    "DLC garantie au client": ""
  },
  {
    "Rayon": "Fruits et Légumes",
    "Libellé produit": "Melon jaune 1200/1800. catégorie 1",
    "Marque": "STKFL",
    "Code Produit": 196125,
    "Température": "Frais",
    "Conditionnement": "Pièce de 1.5 kg. Colis de 6 pièces.",
    "Unité de commande": "colis",
    "Prix": "22,77 EUR",
    "Prix à l'unité de mesure": "2,53 EUR / kg",
    "Prix à la portion": "3,80 EUR / pièce",
    "DLC garantie au client": ""
  },
  {
    "Rayon": "Crèmerie Œufs Fromages",
    "Libellé produit": "Chèvre long. 20 % m.g.",
    "Marque": "MELUSINE",
    "Code Produit": 196489,
    "Température": "Frais",
    "Conditionnement": "Par pièce de 180 g. Colis de 18 pièces.",
    "Unité de commande": "pièce",
    "Prix": "2,13 EUR",
    "Prix à l'unité de mesure": "11,81 EUR / kg",
    "Prix à la portion": "38,27 EUR / colis",
    "DLC garantie au client": "7 jour(s)"
  },
  {
    "Rayon": "Crèmerie Œufs Fromages",
    "Libellé produit": "Beurre doux",
    "Marque": "PRESIDENT PROFESSIONNEL",
    "Code Produit": 196574,
    "Température": "Frais",
    "Conditionnement": "Par plaque de 500 g. Colis de 20 plaques.",
    "Unité de commande": "plaque",
    "Prix": "5,21 EUR",
    "Prix à l'unité de mesure": "10,43 EUR / kg",
    "Prix à la portion": "104,26 EUR / colis",
    "DLC garantie au client": "7 jour(s)"
  },
  {
    "Rayon": "Crèmerie Œufs Fromages",
    "Libellé produit": "Beurre demi sel",
    "Marque": "PRESIDENT PROFESSIONNEL",
    "Code Produit": 196575,
    "Température": "Frais",
    "Conditionnement": "Par plaque de 500 g. Colis de 20 plaques.",
    "Unité de commande": "plaque",
    "Prix": "5,52 EUR",
    "Prix à l'unité de mesure": "11,04 EUR / kg",
    "Prix à la portion": "110,44 EUR / colis",
    "DLC garantie au client": "7 jour(s)"
  },
  {
    "Rayon": "Épicerie",
    "Libellé produit": "Confiture d'abricot 35 %",
    "Marque": "VALADE EN CORREZE",
    "Code Produit": 200401,
    "Température": "Ambiant",
    "Conditionnement": "Par bocal de 1 kg. Colis de 6 bocaux.",
    "Unité de commande": "bocal",
    "Prix": "4,75 EUR",
    "Prix à l'unité de mesure": "4,75 EUR / kg",
    "Prix à la portion": "28,47 EUR / colis",
    "DLC garantie au client": "30 jour(s)"
  },
  {
    "Rayon": "Poissons Coquillages Crustacés",
    "Libellé produit": "Sandre",
    "Marque": "",
    "Code Produit": 200540,
    "Température": "Frais",
    "Conditionnement": "Par pièce de 3 kg.",
    "Unité de commande": "pièce",
    "Prix": "61,37 EUR",
    "Prix à l'unité de mesure": "20,46 EUR / kg",
    "Prix à la portion": "",
    "DLC garantie au client": ""
  },
  {
    "Rayon": "Poissons Coquillages Crustacés",
    "Libellé produit": "Sardine bretonne",
    "Marque": "",
    "Code Produit": 200541,
    "Température": "Frais",
    "Conditionnement": "Portion de 50 g. Colis de 100 portions.",
    "Unité de commande": "colis",
    "Prix": "26,29 EUR",
    "Prix à l'unité de mesure": "5,26 EUR / kg",
    "Prix à la portion": "0,26 EUR / Portion",
    "DLC garantie au client": ""
  },
  {
    "Rayon": "Poissons Coquillages Crustacés",
    "Libellé produit": "Longe d'espadon décongelée",
    "Marque": "",
    "Code Produit": 200547,
    "Température": "Frais",
    "Conditionnement": "Par colis de 3 kg.",
    "Unité de commande": "colis",
    "Prix": "51,35 EUR",
    "Prix à l'unité de mesure": "17,12 EUR / kg",
    "Prix à la portion": "",
    "DLC garantie au client": "3 jour(s)"
  },
  {
    "Rayon": "Crèmerie Œufs Fromages",
    "Libellé produit": "Yaourts aux fruits 5%. pot de 125 g",
    "Marque": "NOVA",
    "Code Produit": 200595,
    "Température": "Frais",
    "Conditionnement": "Lot de 500 g. Colis de 12 lots. Lot de 4 portions.",
    "Unité de commande": "colis",
    "Prix": "13,14 EUR",
    "Prix à l'unité de mesure": "2,19 EUR / kg",
    "Prix à la portion": "1,10 EUR / lot",
    "DLC garantie au client": "7 jour(s)"
  },
  {
    "Rayon": "Pains Viennoiserie Pâtes",
    "Libellé produit": "Baguette essentielle. précuite sur sole",
    "Marque": "BRIDOR",
    "Code Produit": 200668,
    "Température": "Surgele",
    "Conditionnement": "Portion de 280 g. Colis de 25 portions.",
    "Unité de commande": "colis",
    "Prix": "17,50 EUR",
    "Prix à l'unité de mesure": "2,50 EUR / kg",
    "Prix à la portion": "0,70 EUR / Portion",
    "DLC garantie au client": "30 jour(s)"
  },
  {
    "Rayon": "Pains Viennoiserie Pâtes",
    "Libellé produit": "Pain carre nature. Précuit sur sole",
    "Marque": "BRIDOR",
    "Code Produit": 200669,
    "Température": "Surgele",
    "Conditionnement": "Portion de 40 g. Colis de 200 portions.",
    "Unité de commande": "colis",
    "Prix": "19,52 EUR",
    "Prix à l'unité de mesure": "2,44 EUR / kg",
    "Prix à la portion": "0,10 EUR / Portion",
    "DLC garantie au client": "30 jour(s)"
  },
  {
    "Rayon": "Épicerie",
    "Libellé produit": "Segments de pamplemousse au. sirop. boite a10",
    "Marque": "ST MAMET",
    "Code Produit": 200716,
    "Température": "Ambiant",
    "Conditionnement": "Par boite de 1.6 kg. Colis de 6 boites.",
    "Unité de commande": "boite",
    "Prix": "8,89 EUR",
    "Prix à l'unité de mesure": "5,56 EUR / kg",
    "Prix à la portion": "53,33 EUR / colis",
    "DLC garantie au client": "30 jour(s)"
  },
  {
    "Rayon": "Équipement Hygiène",
    "Libellé produit": "Papier cuisson feuille de 41g. 60 X 40 CM",
    "Marque": "LEGAVE",
    "Code Produit": 200773,
    "Température": "Ambiant",
    "Conditionnement": "Boite de 500 portions.",
    "Unité de commande": "boite",
    "Prix": "29,83 EUR",
    "Prix à l'unité de mesure": "",
    "Prix à la portion": "0,06 EUR / Portion",
    "DLC garantie au client": ""
  },
  {
    "Rayon": "Crèmerie Œufs Fromages",
    "Libellé produit": "Creme dessert caramel danette",
    "Marque": "DANETTE",
    "Code Produit": 200951,
    "Température": "Frais",
    "Conditionnement": "Lot de 500 g. Colis de 8 lots. Lot de 4 portions.",
    "Unité de commande": "colis",
    "Prix": "21,05 EUR",
    "Prix à l'unité de mesure": "5,26 EUR / kg",
    "Prix à la portion": "2,63 EUR / lot",
    "DLC garantie au client": "7 jour(s)"
  },
  {
    "Rayon": "Crèmerie Œufs Fromages",
    "Libellé produit": "Crème dessert vanille danette",
    "Marque": "DANETTE",
    "Code Produit": 200978,
    "Température": "Frais",
    "Conditionnement": "Portion de 125 g. Lot de 4 portions.",
    "Unité de commande": "lot",
    "Prix": "2,63 EUR",
    "Prix à l'unité de mesure": "5,25 EUR / kg",
    "Prix à la portion": "0,66 EUR / Portion",
    "DLC garantie au client": "7 jour(s)"
  },
  {
    "Rayon": "Crèmerie Œufs Fromages",
    "Libellé produit": "Crème dessert chocolat danette",
    "Marque": "DANETTE",
    "Code Produit": 201000,
    "Température": "Frais",
    "Conditionnement": "Lot de 500 g. Colis de 8 lots. Lot de 4 portions.",
    "Unité de commande": "colis",
    "Prix": "20,96 EUR",
    "Prix à l'unité de mesure": "5,24 EUR / kg",
    "Prix à la portion": "2,62 EUR / lot",
    "DLC garantie au client": "7 jour(s)"
  },
  {
    "Rayon": "Pains Viennoiserie Pâtes",
    "Libellé produit": "Pain chocolat bio. pret à cuire",
    "Marque": "BRIDOR",
    "Code Produit": 202008,
    "Température": "Surgele",
    "Conditionnement": "Portion de 75 g. Colis de 70 portions.",
    "Unité de commande": "colis",
    "Prix": "51,94 EUR",
    "Prix à l'unité de mesure": "9,89 EUR / kg",
    "Prix à la portion": "0,74 EUR / Portion",
    "DLC garantie au client": "30 jour(s)"
  },
  {
    "Rayon": "Boissons",
    "Libellé produit": "Jus multifruits",
    "Marque": "GRANINI",
    "Code Produit": 202171,
    "Température": "Ambiant",
    "Conditionnement": "Par bag in box de 10 litre.",
    "Unité de commande": "bag in box",
    "Prix": "26,54 EUR",
    "Prix à l'unité de mesure": "2,65 EUR / L",
    "Prix à la portion": "",
    "DLC garantie au client": "30 jour(s)"
  },
  {
    "Rayon": "Épicerie",
    "Libellé produit": "Confiture de framboise",
    "Marque": "BONNE MAMAN",
    "Code Produit": 202321,
    "Température": "Ambiant",
    "Conditionnement": "Par bocal de 370 g. Colis de 6 bocaux.",
    "Unité de commande": "bocal",
    "Prix": "3,65 EUR",
    "Prix à l'unité de mesure": "9,88 EUR / kg",
    "Prix à la portion": "21,92 EUR / colis",
    "DLC garantie au client": "30 jour(s)"
  },
  {
    "Rayon": "Crèmerie Œufs Fromages",
    "Libellé produit": "Yaourt muesli bifidus activia. amande quinoa chia",
    "Marque": "ACTIVIA",
    "Code Produit": 204108,
    "Température": "Frais",
    "Conditionnement": "Pot de 170 g. Colis de 6 pots.",
    "Unité de commande": "colis",
    "Prix": "8,24 EUR",
    "Prix à l'unité de mesure": "8,08 EUR / kg",
    "Prix à la portion": "1,37 EUR / pot",
    "DLC garantie au client": "7 jour(s)"
  },
  {
    "Rayon": "Crèmerie Œufs Fromages",
    "Libellé produit": "Yaourt muesli bifidus activia. framboise et graines de chia",
    "Marque": "ACTIVIA",
    "Code Produit": 204109,
    "Température": "Frais",
    "Conditionnement": "Pot de 170 g. Colis de 6 pots.",
    "Unité de commande": "colis",
    "Prix": "8,24 EUR",
    "Prix à l'unité de mesure": "8,08 EUR / kg",
    "Prix à la portion": "1,37 EUR / pot",
    "DLC garantie au client": "7 jour(s)"
  },
  {
    "Rayon": "Crèmerie Œufs Fromages",
    "Libellé produit": "Sojasun nature",
    "Marque": "SOJASUN",
    "Code Produit": 204283,
    "Température": "Frais",
    "Conditionnement": "Plaque de 400 g. Colis de 6 plaques. Plaque de 4 portions.",
    "Unité de commande": "colis",
    "Prix": "12,19 EUR",
    "Prix à l'unité de mesure": "5,08 EUR / kg",
    "Prix à la portion": "2,03 EUR / plaque",
    "DLC garantie au client": "7 jour(s)"
  },
  {
    "Rayon": "Charcuterie Traiteur",
    "Libellé produit": "Rosette tranchée. label rouge. 50 tranches",
    "Marque": "BELL",
    "Code Produit": 204344,
    "Température": "Frais",
    "Conditionnement": "Portion de 5 g. Barquette de 50 portions.",
    "Unité de commande": "barquette",
    "Prix": "4,15 EUR",
    "Prix à l'unité de mesure": "16,61 EUR / kg",
    "Prix à la portion": "0,08 EUR / Portion",
    "DLC garantie au client": "7 jour(s)"
  },
  {
    "Rayon": "Crèmerie Œufs Fromages",
    "Libellé produit": "Pont l'éveque aop 22% m.g.",
    "Marque": "DOMAINE D'ANTIGNAC",
    "Code Produit": 204513,
    "Température": "Frais",
    "Conditionnement": "Par pièce de 360 g. Colis de 12 pièces.",
    "Unité de commande": "pièce",
    "Prix": "4,80 EUR",
    "Prix à l'unité de mesure": "13,32 EUR / kg",
    "Prix à la portion": "57,55 EUR / colis",
    "DLC garantie au client": "7 jour(s)"
  },
  {
    "Rayon": "Accompagnements Assaisonnement",
    "Libellé produit": "Huile d'arachide",
    "Marque": "MAUREL",
    "Code Produit": 204809,
    "Température": "Ambiant",
    "Conditionnement": "Par bidon de 25 litre.",
    "Unité de commande": "bidon",
    "Prix": "75,40 EUR",
    "Prix à l'unité de mesure": "3,02 EUR / L",
    "Prix à la portion": "",
    "DLC garantie au client": "30 jour(s)"
  },
  {
    "Rayon": "Boissons",
    "Libellé produit": "Jus d'orange pressée",
    "Marque": "ANDROS",
    "Code Produit": 204890,
    "Température": "Frais",
    "Conditionnement": "Bouteille de 261 ml. Colis de 6 bouteilles.",
    "Unité de commande": "colis",
    "Prix": "8,22 EUR",
    "Prix à l'unité de mesure": "5,25 EUR / L",
    "Prix à la portion": "1,37 EUR / bouteille",
    "DLC garantie au client": "7 jour(s)"
  },
  {
    "Rayon": "Pains Viennoiserie Pâtes",
    "Libellé produit": "Baguette de campagne",
    "Marque": "BRIDOR",
    "Code Produit": 204918,
    "Température": "Surgele",
    "Conditionnement": "Portion de 280 g. Colis de 25 portions.",
    "Unité de commande": "colis",
    "Prix": "16,92 EUR",
    "Prix à l'unité de mesure": "2,42 EUR / kg",
    "Prix à la portion": "0,68 EUR / Portion",
    "DLC garantie au client": "30 jour(s)"
  },
  {
    "Rayon": "Pains Viennoiserie Pâtes",
    "Libellé produit": "boule rustique précuit sur. sole",
    "Marque": "BRIDOR",
    "Code Produit": 204924,
    "Température": "Surgele",
    "Conditionnement": "Portion de 55 g. Colis de 70 portions.",
    "Unité de commande": "colis",
    "Prix": "20,90 EUR",
    "Prix à l'unité de mesure": "5,43 EUR / kg",
    "Prix à la portion": "0,30 EUR / Portion",
    "DLC garantie au client": "30 jour(s)"
  },
  {
    "Rayon": "Pains Viennoiserie Pâtes",
    "Libellé produit": "Baguettine sandwich nature",
    "Marque": "BRIDOR",
    "Code Produit": 204926,
    "Température": "Surgele",
    "Conditionnement": "Portion de 140 g. Colis de 50 portions.",
    "Unité de commande": "colis",
    "Prix": "20,05 EUR",
    "Prix à l'unité de mesure": "2,86 EUR / kg",
    "Prix à la portion": "0,40 EUR / Portion",
    "DLC garantie au client": "30 jour(s)"
  },
  {
    "Rayon": "Pains Viennoiserie Pâtes",
    "Libellé produit": "Baguette multigrains",
    "Marque": "BRIDOR",
    "Code Produit": 204927,
    "Température": "Surgele",
    "Conditionnement": "Portion de 280 g. Colis de 25 portions.",
    "Unité de commande": "colis",
    "Prix": "20,38 EUR",
    "Prix à l'unité de mesure": "2,91 EUR / kg",
    "Prix à la portion": "0,82 EUR / Portion",
    "DLC garantie au client": "30 jour(s)"
  },
  {
    "Rayon": "Pains Viennoiserie Pâtes",
    "Libellé produit": "Pain rectangle nature precuit. sur sole",
    "Marque": "BRIDOR",
    "Code Produit": 204940,
    "Température": "Surgele",
    "Conditionnement": "Portion de 55 g. Colis de 140 portions.",
    "Unité de commande": "colis",
    "Prix": "19,36 EUR",
    "Prix à l'unité de mesure": "2,51 EUR / kg",
    "Prix à la portion": "0,14 EUR / Portion",
    "DLC garantie au client": "30 jour(s)"
  },
  {
    "Rayon": "Pains Viennoiserie Pâtes",
    "Libellé produit": "Croissant beurre fin. pret à cuire",
    "Marque": "ECLAT DU TERROIR",
    "Code Produit": 204948,
    "Température": "Surgele",
    "Conditionnement": "Portion de 30 g. Colis de 195 portions.",
    "Unité de commande": "colis",
    "Prix": "44,88 EUR",
    "Prix à l'unité de mesure": "7,67 EUR / kg",
    "Prix à la portion": "0,23 EUR / Portion",
    "DLC garantie au client": "30 jour(s)"
  },
  {
    "Rayon": "Pains Viennoiserie Pâtes",
    "Libellé produit": "mini pain chocolat beurre fin. pret à cuire",
    "Marque": "ECLAT DU TERROIR",
    "Code Produit": 204949,
    "Température": "Surgele",
    "Conditionnement": "Portion de 35 g. Colis de 210 portions.",
    "Unité de commande": "colis",
    "Prix": "59,75 EUR",
    "Prix à l'unité de mesure": "8,13 EUR / kg",
    "Prix à la portion": "0,28 EUR / Portion",
    "DLC garantie au client": "30 jour(s)"
  },
  {
    "Rayon": "Crèmerie Œufs Fromages",
    "Libellé produit": "St moret 45% m.g. calcium et. vitamine D réduit en sel -25%",
    "Marque": "ST MORET",
    "Code Produit": 205130,
    "Température": "Frais",
    "Conditionnement": "Portion de 20 g. Plaque de 12 portions.",
    "Unité de commande": "plaque",
    "Prix": "3,14 EUR",
    "Prix à l'unité de mesure": "13,08 EUR / kg",
    "Prix à la portion": "0,26 EUR / Portion",
    "DLC garantie au client": "7 jour(s)"
  },
  {
    "Rayon": "Crèmerie Œufs Fromages",
    "Libellé produit": "Yaourt nature au lait entier. seau de 5 kg",
    "Marque": "PETIT BRETON",
    "Code Produit": 205141,
    "Température": "Frais",
    "Conditionnement": "Par seau de 5 kg.",
    "Unité de commande": "seau",
    "Prix": "16,74 EUR",
    "Prix à l'unité de mesure": "3,35 EUR / kg",
    "Prix à la portion": "",
    "DLC garantie au client": "7 jour(s)"
  },
  {
    "Rayon": "Crèmerie Œufs Fromages",
    "Libellé produit": "Brie 33% m.g.",
    "Marque": "MAUBERT",
    "Code Produit": 205230,
    "Température": "Frais",
    "Conditionnement": "Par pièce de 1 kg. Colis de 2 pièces.",
    "Unité de commande": "pièce",
    "Prix": "8,76 EUR",
    "Prix à l'unité de mesure": "8,76 EUR / kg",
    "Prix à la portion": "17,52 EUR / colis",
    "DLC garantie au client": "7 jour(s)"
  },
  {
    "Rayon": "Épicerie",
    "Libellé produit": "Pruneaux séchés dénoyautés. calibre 60/70",
    "Marque": "LA PULPE",
    "Code Produit": 205590,
    "Température": "Ambiant",
    "Conditionnement": "Par sachet de 1 kg. Colis de 10 sachets.",
    "Unité de commande": "sachet",
    "Prix": "7,90 EUR",
    "Prix à l'unité de mesure": "7,90 EUR / kg",
    "Prix à la portion": "78,96 EUR / colis",
    "DLC garantie au client": "30 jour(s)"
  },
  {
    "Rayon": "Accompagnements Assaisonnement",
    "Libellé produit": "huile d'olive vierge extra",
    "Marque": "OLIVELLA",
    "Code Produit": 206354,
    "Température": "Ambiant",
    "Conditionnement": "Par bidon de 5 litre. Colis de 3 bidons.",
    "Unité de commande": "bidon",
    "Prix": "38,05 EUR",
    "Prix à l'unité de mesure": "7,61 EUR / L",
    "Prix à la portion": "114,15 EUR / colis",
    "DLC garantie au client": "30 jour(s)"
  },
  {
    "Rayon": "Poissons Coquillages Crustacés",
    "Libellé produit": "Filet omble chevalier avec. peau",
    "Marque": "",
    "Code Produit": 206702,
    "Température": "Frais",
    "Conditionnement": "Portion de 170 g. Barquette de 10 portions.",
    "Unité de commande": "barquette",
    "Prix": "61,48 EUR",
    "Prix à l'unité de mesure": "36,16 EUR / kg",
    "Prix à la portion": "6,15 EUR / Portion",
    "DLC garantie au client": "3 jour(s)"
  },
  {
    "Rayon": "Épicerie",
    "Libellé produit": "chips nature. au sel de guérande",
    "Marque": "BRET'S",
    "Code Produit": 206934,
    "Température": "Ambiant",
    "Conditionnement": "Sachet de 30 g. Colis de 100 sachets.",
    "Unité de commande": "colis",
    "Prix": "30,70 EUR",
    "Prix à l'unité de mesure": "10,23 EUR / kg",
    "Prix à la portion": "0,31 EUR / sachet",
    "DLC garantie au client": "30 jour(s)"
  },
  {
    "Rayon": "Accompagnements Assaisonnement",
    "Libellé produit": "vinaigre balsamique blanc",
    "Marque": "BORGES",
    "Code Produit": 206975,
    "Température": "Ambiant",
    "Conditionnement": "Par bouteille de 2 litre. Colis de 6 bouteilles.",
    "Unité de commande": "bouteille",
    "Prix": "12,13 EUR",
    "Prix à l'unité de mesure": "6,07 EUR / L",
    "Prix à la portion": "72,80 EUR / colis",
    "DLC garantie au client": "30 jour(s)"
  },
  {
    "Rayon": "Crèmerie Œufs Fromages",
    "Libellé produit": "Lait d'amande bio",
    "Marque": "THE BRIDGE",
    "Code Produit": 207098,
    "Température": "Ambiant",
    "Conditionnement": "Bouteille de 1 litre. Colis de 6 bouteilles.",
    "Unité de commande": "colis",
    "Prix": "32,05 EUR",
    "Prix à l'unité de mesure": "5,34 EUR / L",
    "Prix à la portion": "5,34 EUR / bouteille",
    "DLC garantie au client": "30 jour(s)"
  },
  {
    "Rayon": "Poissons Coquillages Crustacés",
    "Libellé produit": "coques",
    "Marque": "",
    "Code Produit": 207513,
    "Température": "Frais",
    "Conditionnement": "Par barquette de 1 kg.",
    "Unité de commande": "barquette",
    "Prix": "11,87 EUR",
    "Prix à l'unité de mesure": "11,87 EUR / kg",
    "Prix à la portion": "",
    "DLC garantie au client": ""
  },
  {
    "Rayon": "Boissons",
    "Libellé produit": "Coca cola",
    "Marque": "COCA COLA",
    "Code Produit": 208024,
    "Température": "Ambiant",
    "Conditionnement": "Bouteille de 1.25 litre. Colis de 6 bouteilles.",
    "Unité de commande": "colis",
    "Prix": "13,35 EUR",
    "Prix à l'unité de mesure": "1,78 EUR / L",
    "Prix à la portion": "2,23 EUR / bouteille",
    "DLC garantie au client": "30 jour(s)"
  },
  {
    "Rayon": "Crèmerie Œufs Fromages",
    "Libellé produit": "Saint nectaire aop laitier. 27% m.g.",
    "Marque": "LA VIE DE CHATEAU",
    "Code Produit": 208328,
    "Température": "Frais",
    "Conditionnement": "Portion de 30 g. Barquette de 24 portions.",
    "Unité de commande": "barquette",
    "Prix": "10,01 EUR",
    "Prix à l'unité de mesure": "13,90 EUR / kg",
    "Prix à la portion": "0,42 EUR / Portion",
    "DLC garantie au client": "7 jour(s)"
  },
  {
    "Rayon": "Pâtisserie Biscuiterie Confiserie",
    "Libellé produit": "Petit beurre x2 bio",
    "Marque": "KER CADELAC",
    "Code Produit": 208457,
    "Température": "Ambiant",
    "Conditionnement": "Etui de 20 g. Colis de 180 etuis.",
    "Unité de commande": "colis",
    "Prix": "59,04 EUR",
    "Prix à l'unité de mesure": "16,40 EUR / kg",
    "Prix à la portion": "0,33 EUR / etui",
    "DLC garantie au client": "30 jour(s)"
  },
  {
    "Rayon": "Viandes Volailles Gibier",
    "Libellé produit": "Filet de boeuf semi-paré",
    "Marque": "BEAUVALLET NEGOCE",
    "Code Produit": 208527,
    "Température": "Frais",
    "Conditionnement": "Par pièce de 2.4 kg.",
    "Unité de commande": "pièce",
    "Prix": "71,71 EUR",
    "Prix à l'unité de mesure": "29,88 EUR / kg",
    "Prix à la portion": "",
    "DLC garantie au client": "7 jour(s)"
  },
  {
    "Rayon": "Poissons Coquillages Crustacés",
    "Libellé produit": "Filet de rouget barbet de. Thailande /Vietnam avec peau. sans arete",
    "Marque": "",
    "Code Produit": 208549,
    "Température": "Surgele",
    "Conditionnement": "Par sachet de 1 kg. Colis de 5 sachets.",
    "Unité de commande": "sachet",
    "Prix": "18,37 EUR",
    "Prix à l'unité de mesure": "18,37 EUR / kg",
    "Prix à la portion": "91,85 EUR / colis",
    "DLC garantie au client": "30 jour(s)"
  },
  {
    "Rayon": "Crèmerie Œufs Fromages",
    "Libellé produit": "Camembert au lait pasteurisé. 21 % m.g",
    "Marque": "AMBASSADOR",
    "Code Produit": 208709,
    "Température": "Frais",
    "Conditionnement": "Par pièce de 240 g. Colis de 12 pièces.",
    "Unité de commande": "pièce",
    "Prix": "2,64 EUR",
    "Prix à l'unité de mesure": "10,99 EUR / kg",
    "Prix à la portion": "31,64 EUR / colis",
    "DLC garantie au client": "7 jour(s)"
  },
  {
    "Rayon": "Boissons",
    "Libellé produit": "Pur jus pasteurisé orange bib. bag in box de 3 l",
    "Marque": "ANDROS",
    "Code Produit": 208744,
    "Température": "Frais",
    "Conditionnement": "Bag in box de 3 litre. Colis de 3 bags in box.",
    "Unité de commande": "colis",
    "Prix": "39,86 EUR",
    "Prix à l'unité de mesure": "4,43 EUR / L",
    "Prix à la portion": "13,29 EUR / bag in box",
    "DLC garantie au client": "7 jour(s)"
  },
  {
    "Rayon": "Boissons",
    "Libellé produit": "Jus multifruits bib",
    "Marque": "ANDROS",
    "Code Produit": 208983,
    "Température": "Frais",
    "Conditionnement": "Par bag in box de 10 litre.",
    "Unité de commande": "bag in box",
    "Prix": "32,51 EUR",
    "Prix à l'unité de mesure": "3,25 EUR / L",
    "Prix à la portion": "",
    "DLC garantie au client": "7 jour(s)"
  },
  {
    "Rayon": "Pâtisserie Biscuiterie Confiserie",
    "Libellé produit": "Madeleine pépites chocolat bio",
    "Marque": "ST MICHEL",
    "Code Produit": 209031,
    "Température": "Ambiant",
    "Conditionnement": "Portion de 25 g. Colis de 100 portions.",
    "Unité de commande": "colis",
    "Prix": "31,85 EUR",
    "Prix à l'unité de mesure": "12,74 EUR / kg",
    "Prix à la portion": "0,32 EUR / Portion",
    "DLC garantie au client": "30 jour(s)"
  },
  {
    "Rayon": "Boissons",
    "Libellé produit": "Ice tea peche. slim",
    "Marque": "LIPTON",
    "Code Produit": 209040,
    "Température": "Ambiant",
    "Conditionnement": "Boite de 330 ml. Colis de 24 boites.",
    "Unité de commande": "colis",
    "Prix": "19,56 EUR",
    "Prix à l'unité de mesure": "2,47 EUR / L",
    "Prix à la portion": "0,82 EUR / boite",
    "DLC garantie au client": "30 jour(s)"
  },
  {
    "Rayon": "Accompagnements Assaisonnement",
    "Libellé produit": "Fumet de poisson déshydraté. jusqu'à 50 l",
    "Marque": "KNORR",
    "Code Produit": 209045,
    "Température": "Ambiant",
    "Conditionnement": "Par boite de 750 g. Colis de 6 boites.",
    "Unité de commande": "boite",
    "Prix": "18,38 EUR",
    "Prix à l'unité de mesure": "24,51 EUR / kg",
    "Prix à la portion": "110,29 EUR / colis",
    "DLC garantie au client": "30 jour(s)"
  },
  {
    "Rayon": "Charcuterie Traiteur",
    "Libellé produit": "Chipolata précuite. pièce de 50 g",
    "Marque": "",
    "Code Produit": 209063,
    "Température": "Frais",
    "Conditionnement": "Sachet de 1 kg. Colis de 8 sachets. Sachet de 20 portions.",
    "Unité de commande": "colis",
    "Prix": "64,27 EUR",
    "Prix à l'unité de mesure": "8,03 EUR / kg",
    "Prix à la portion": "8,03 EUR / sachet",
    "DLC garantie au client": "7 jour(s)"
  },
  {
    "Rayon": "Boissons",
    "Libellé produit": "Jus orange Tropicana. sans pulpe",
    "Marque": "TROPICANA",
    "Code Produit": 209090,
    "Température": "Ambiant",
    "Conditionnement": "Par bag in box de 10 litre.",
    "Unité de commande": "bag in box",
    "Prix": "34,06 EUR",
    "Prix à l'unité de mesure": "3,41 EUR / L",
    "Prix à la portion": "",
    "DLC garantie au client": "30 jour(s)"
  },
  {
    "Rayon": "Poissons Coquillages Crustacés",
    "Libellé produit": "Filet de saumon ecossais label. rouge",
    "Marque": "",
    "Code Produit": 209265,
    "Température": "Frais",
    "Conditionnement": "Par pièce de 1.75 kg.",
    "Unité de commande": "pièce",
    "Prix": "41,15 EUR",
    "Prix à l'unité de mesure": "23,51 EUR / kg",
    "Prix à la portion": "",
    "DLC garantie au client": "2 jour(s)"
  },
  {
    "Rayon": "Charcuterie Traiteur",
    "Libellé produit": "Corail d'oursin pasteurisé",
    "Marque": "",
    "Code Produit": 209269,
    "Température": "Frais",
    "Conditionnement": "Par pot de 50 g. Colis de 6 pots.",
    "Unité de commande": "pot",
    "Prix": "18,61 EUR",
    "Prix à l'unité de mesure": "372,28 EUR / kg",
    "Prix à la portion": "111,68 EUR / colis",
    "DLC garantie au client": "7 jour(s)"
  },
  {
    "Rayon": "Équipement Hygiène",
    "Libellé produit": "Sac de congélation. 20 microns, 3 litres",
    "Marque": "",
    "Code Produit": 210426,
    "Température": "Ambiant",
    "Conditionnement": "Rouleau de 75 portions.",
    "Unité de commande": "rouleau",
    "Prix": "2,16 EUR",
    "Prix à l'unité de mesure": "",
    "Prix à la portion": "0,03 EUR / Portion",
    "DLC garantie au client": ""
  },
  {
    "Rayon": "Boissons",
    "Libellé produit": "Jus de pomme",
    "Marque": "ANDROS",
    "Code Produit": 210944,
    "Température": "Frais",
    "Conditionnement": "Par bag in box de 10 litre.",
    "Unité de commande": "bag in box",
    "Prix": "31,70 EUR",
    "Prix à l'unité de mesure": "3,17 EUR / L",
    "Prix à la portion": "",
    "DLC garantie au client": "7 jour(s)"
  },
  {
    "Rayon": "Crèmerie Œufs Fromages",
    "Libellé produit": "Lait concentré non sucré 4%",
    "Marque": "GLORIA",
    "Code Produit": 211319,
    "Température": "Ambiant",
    "Conditionnement": "Portion de 7.5 g. Colis de 240 portions.",
    "Unité de commande": "colis",
    "Prix": "16,12 EUR",
    "Prix à l'unité de mesure": "8,96 EUR / kg",
    "Prix à la portion": "0,07 EUR / Portion",
    "DLC garantie au client": "30 jour(s)"
  },
  {
    "Rayon": "Boissons",
    "Libellé produit": "Coca cola 50cl",
    "Marque": "COCA COLA",
    "Code Produit": 211377,
    "Température": "Ambiant",
    "Conditionnement": "Bouteille de 500 ml. Colis de 24 bouteilles.",
    "Unité de commande": "colis",
    "Prix": "32,21 EUR",
    "Prix à l'unité de mesure": "2,68 EUR / L",
    "Prix à la portion": "1,34 EUR / bouteille",
    "DLC garantie au client": "30 jour(s)"
  },
  {
    "Rayon": "Boissons",
    "Libellé produit": "Coca cola sans sucres",
    "Marque": "COCA COLA",
    "Code Produit": 211388,
    "Température": "Ambiant",
    "Conditionnement": "Bouteille de 500 ml. Colis de 12 bouteilles.",
    "Unité de commande": "colis",
    "Prix": "14,35 EUR",
    "Prix à l'unité de mesure": "2,39 EUR / L",
    "Prix à la portion": "1,20 EUR / bouteille",
    "DLC garantie au client": "30 jour(s)"
  },
  {
    "Rayon": "Boissons",
    "Libellé produit": "Pur jus d orange bib. bag in box de 10 l",
    "Marque": "ANDROS",
    "Code Produit": 212779,
    "Température": "Frais",
    "Conditionnement": "Par bag in box de 10 litre.",
    "Unité de commande": "bag in box",
    "Prix": "35,00 EUR",
    "Prix à l'unité de mesure": "3,50 EUR / L",
    "Prix à la portion": "",
    "DLC garantie au client": "7 jour(s)"
  },
  {
    "Rayon": "Charcuterie Traiteur",
    "Libellé produit": "Velouté de tomate/basilic",
    "Marque": "LA POTAGERE",
    "Code Produit": 213087,
    "Température": "Ambiant",
    "Conditionnement": "Par brick de 1 litre. Colis de 6 bricks.",
    "Unité de commande": "brick",
    "Prix": "1,56 EUR",
    "Prix à l'unité de mesure": "1,56 EUR / L",
    "Prix à la portion": "9,33 EUR / colis",
    "DLC garantie au client": "30 jour(s)"
  },
  {
    "Rayon": "Viandes Volailles Gibier",
    "Libellé produit": "Haché boeuf 15% ue",
    "Marque": "PRIMBEEF",
    "Code Produit": 213154,
    "Température": "Frais",
    "Conditionnement": "Portion de 1.5 kg. Colis de 3 portions.",
    "Unité de commande": "colis",
    "Prix": "56,51 EUR",
    "Prix à l'unité de mesure": "12,56 EUR / kg",
    "Prix à la portion": "18,84 EUR / Portion",
    "DLC garantie au client": "7 jour(s)"
  },
  {
    "Rayon": "Accompagnements Assaisonnement",
    "Libellé produit": "Risotto exquisotto. 15 min",
    "Marque": "BEN'S ORIGINAL",
    "Code Produit": 213158,
    "Température": "Ambiant",
    "Conditionnement": "Par sac de 2.5 kg. Colis de 3 sacs.",
    "Unité de commande": "sac",
    "Prix": "14,52 EUR",
    "Prix à l'unité de mesure": "5,81 EUR / kg",
    "Prix à la portion": "43,57 EUR / colis",
    "DLC garantie au client": "30 jour(s)"
  },
  {
    "Rayon": "Boissons",
    "Libellé produit": "Jus multifruits",
    "Marque": "ANDROS",
    "Code Produit": 213174,
    "Température": "Frais",
    "Conditionnement": "Bag in box de 3 litre. Colis de 3 bags in box.",
    "Unité de commande": "colis",
    "Prix": "39,83 EUR",
    "Prix à l'unité de mesure": "4,43 EUR / L",
    "Prix à la portion": "13,28 EUR / bag in box",
    "DLC garantie au client": "7 jour(s)"
  },
  {
    "Rayon": "Charcuterie Traiteur",
    "Libellé produit": "Salade de pâtes au poulet. sauce caesar",
    "Marque": "LA BELLE HENRIETTE",
    "Code Produit": 213466,
    "Température": "Frais",
    "Conditionnement": "Par barquette de 1.5 kg. Colis de 2 barquettes.",
    "Unité de commande": "barquette",
    "Prix": "12,29 EUR",
    "Prix à l'unité de mesure": "8,19 EUR / kg",
    "Prix à la portion": "24,57 EUR / colis",
    "DLC garantie au client": "7 jour(s)"
  },
  {
    "Rayon": "Épicerie",
    "Libellé produit": "Thé vert sencha bio",
    "Marque": "BARONNY'S",
    "Code Produit": 213565,
    "Température": "Ambiant",
    "Conditionnement": "Portion de 1.8 g. Boite de 20 portions.",
    "Unité de commande": "boite",
    "Prix": "2,59 EUR",
    "Prix à l'unité de mesure": "72,06 EUR / kg",
    "Prix à la portion": "0,13 EUR / Portion",
    "DLC garantie au client": "30 jour(s)"
  },
  {
    "Rayon": "Épicerie",
    "Libellé produit": "Thé noir darjeeling bio",
    "Marque": "BARONNY'S",
    "Code Produit": 213566,
    "Température": "Ambiant",
    "Conditionnement": "Portion de 2 g. Boite de 20 portions.",
    "Unité de commande": "boite",
    "Prix": "2,92 EUR",
    "Prix à l'unité de mesure": "72,98 EUR / kg",
    "Prix à la portion": "0,15 EUR / Portion",
    "DLC garantie au client": "30 jour(s)"
  },
  {
    "Rayon": "Épicerie",
    "Libellé produit": "Tisane détente bio",
    "Marque": "BARONNY'S",
    "Code Produit": 213569,
    "Température": "Ambiant",
    "Conditionnement": "Portion de 1.5 g. Boite de 20 portions.",
    "Unité de commande": "boite",
    "Prix": "3,58 EUR",
    "Prix à l'unité de mesure": "119,40 EUR / kg",
    "Prix à la portion": "0,18 EUR / Portion",
    "DLC garantie au client": "30 jour(s)"
  },
  {
    "Rayon": "Épicerie",
    "Libellé produit": "Thé vert à la menthe bio",
    "Marque": "BARONNY'S",
    "Code Produit": 213581,
    "Température": "Ambiant",
    "Conditionnement": "Portion de 1.5 g. Boite de 20 portions.",
    "Unité de commande": "boite",
    "Prix": "2,69 EUR",
    "Prix à l'unité de mesure": "89,77 EUR / kg",
    "Prix à la portion": "0,13 EUR / Portion",
    "DLC garantie au client": "30 jour(s)"
  },
  {
    "Rayon": "Fruits et Légumes",
    "Libellé produit": "Betterave rouge entiére",
    "Marque": "BTG",
    "Code Produit": 213876,
    "Température": "Frais",
    "Conditionnement": "Par sachet de 500 g. Colis de 12 sachets.",
    "Unité de commande": "sachet",
    "Prix": "0,86 EUR",
    "Prix à l'unité de mesure": "1,72 EUR / kg",
    "Prix à la portion": "10,31 EUR / colis",
    "DLC garantie au client": "10 jour(s)"
  },
  {
    "Rayon": "Crèmerie Œufs Fromages",
    "Libellé produit": "Mini babybel rouge",
    "Marque": "BEL",
    "Code Produit": 214110,
    "Température": "Frais",
    "Conditionnement": "Portion de 20 g. Coffret de 96 portions.",
    "Unité de commande": "coffret",
    "Prix": "39,27 EUR",
    "Prix à l'unité de mesure": "20,45 EUR / kg",
    "Prix à la portion": "0,41 EUR / Portion",
    "DLC garantie au client": "7 jour(s)"
  },
  {
    "Rayon": "Équipement Hygiène",
    "Libellé produit": "Agitateur bois 110mm",
    "Marque": "",
    "Code Produit": 214706,
    "Température": "Ambiant",
    "Conditionnement": "Boite de 1000 portions.",
    "Unité de commande": "boite",
    "Prix": "3,26 EUR",
    "Prix à l'unité de mesure": "",
    "Prix à la portion": "0,00 EUR / Portion",
    "DLC garantie au client": ""
  },
  {
    "Rayon": "Accompagnements Assaisonnement",
    "Libellé produit": "Lait de coco",
    "Marque": "THAI KITCHEN",
    "Code Produit": 215350,
    "Température": "Ambiant",
    "Conditionnement": "Par brick de 1 litre. Colis de 6 bricks.",
    "Unité de commande": "brick",
    "Prix": "4,43 EUR",
    "Prix à l'unité de mesure": "4,43 EUR / L",
    "Prix à la portion": "26,57 EUR / colis",
    "DLC garantie au client": "30 jour(s)"
  },
  {
    "Rayon": "Pains Viennoiserie Pâtes",
    "Libellé produit": "Pain de campagne. bio",
    "Marque": "BRIDOR",
    "Code Produit": 215388,
    "Température": "Surgele",
    "Conditionnement": "Portion de 400 g. Colis de 15 portions.",
    "Unité de commande": "colis",
    "Prix": "22,99 EUR",
    "Prix à l'unité de mesure": "3,83 EUR / kg",
    "Prix à la portion": "1,53 EUR / Portion",
    "DLC garantie au client": "30 jour(s)"
  },
  {
    "Rayon": "Desserts Glaces",
    "Libellé produit": "Crêpe de froment nature. non sucrée. diamètre 27 cm",
    "Marque": "LE MONDE DES CREPES",
    "Code Produit": 215667,
    "Température": "Surgele",
    "Conditionnement": "Portion de 40 g. Colis de 50 portions.",
    "Unité de commande": "colis",
    "Prix": "17,29 EUR",
    "Prix à l'unité de mesure": "8,64 EUR / kg",
    "Prix à la portion": "0,35 EUR / Portion",
    "DLC garantie au client": "30 jour(s)"
  },
  {
    "Rayon": "Desserts Glaces",
    "Libellé produit": "Pancake 10 cm. pièce de 30 g",
    "Marque": "LE MONDE DES CREPES",
    "Code Produit": 215689,
    "Température": "Surgele",
    "Conditionnement": "Portion de 30 g. Colis de 80 portions.",
    "Unité de commande": "colis",
    "Prix": "18,04 EUR",
    "Prix à l'unité de mesure": "7,52 EUR / kg",
    "Prix à la portion": "0,23 EUR / Portion",
    "DLC garantie au client": "30 jour(s)"
  },
  {
    "Rayon": "Charcuterie Traiteur",
    "Libellé produit": "Artichauts grillés aux saveurs. du sud",
    "Marque": "SUD & SOL LES CUISINES",
    "Code Produit": 215744,
    "Température": "Frais",
    "Conditionnement": "Par barquette de 1 kg. Colis de 4 barquettes.",
    "Unité de commande": "barquette",
    "Prix": "13,07 EUR",
    "Prix à l'unité de mesure": "13,07 EUR / kg",
    "Prix à la portion": "52,27 EUR / colis",
    "DLC garantie au client": "10 jour(s)"
  },
  {
    "Rayon": "Desserts Glaces",
    "Libellé produit": "Tarte normande aux pommes. pur beurre - entière",
    "Marque": "SYMPHONIE PASQUIER",
    "Code Produit": 215850,
    "Température": "Surgele",
    "Conditionnement": "Par pièce de 900 g. Colis de 4 pièces.",
    "Unité de commande": "pièce",
    "Prix": "5,40 EUR",
    "Prix à l'unité de mesure": "6,00 EUR / kg",
    "Prix à la portion": "21,60 EUR / colis",
    "DLC garantie au client": "30 jour(s)"
  },
  {
    "Rayon": "Pâtisserie Biscuiterie Confiserie",
    "Libellé produit": "Gélatine 200 bloom. 250 feuilles",
    "Marque": "EXCELLENCE",
    "Code Produit": 216577,
    "Température": "Ambiant",
    "Conditionnement": "Portion de 2 g. Boite de 250 portions.",
    "Unité de commande": "boite",
    "Prix": "17,23 EUR",
    "Prix à l'unité de mesure": "34,46 EUR / kg",
    "Prix à la portion": "0,07 EUR / Portion",
    "DLC garantie au client": "30 jour(s)"
  },
  {
    "Rayon": "Pains Viennoiserie Pâtes",
    "Libellé produit": "Graine de chia",
    "Marque": "OLYMPFRUITS",
    "Code Produit": 216612,
    "Température": "Ambiant",
    "Conditionnement": "Par sachet de 500 g. Colis de 20 sachets.",
    "Unité de commande": "sachet",
    "Prix": "5,90 EUR",
    "Prix à l'unité de mesure": "11,80 EUR / kg",
    "Prix à la portion": "118,00 EUR / colis",
    "DLC garantie au client": "30 jour(s)"
  },
  {
    "Rayon": "Charcuterie Traiteur",
    "Libellé produit": "Velouté aux 7 légumes",
    "Marque": "LA POTAGERE",
    "Code Produit": 216823,
    "Température": "Ambiant",
    "Conditionnement": "Par brick de 1 litre. Colis de 6 bricks.",
    "Unité de commande": "brick",
    "Prix": "1,56 EUR",
    "Prix à l'unité de mesure": "1,56 EUR / L",
    "Prix à la portion": "9,33 EUR / colis",
    "DLC garantie au client": "30 jour(s)"
  },
  {
    "Rayon": "Crèmerie Œufs Fromages",
    "Libellé produit": "Camembert au lait cru. 22 % m.g.",
    "Marque": "FLEURS DE POMMIER",
    "Code Produit": 217050,
    "Température": "Frais",
    "Conditionnement": "Par pièce de 250 g. Colis de 30 pièces.",
    "Unité de commande": "pièce",
    "Prix": "2,87 EUR",
    "Prix à l'unité de mesure": "11,46 EUR / kg",
    "Prix à la portion": "85,95 EUR / colis",
    "DLC garantie au client": "7 jour(s)"
  },
  {
    "Rayon": "Pâtisserie Biscuiterie Confiserie",
    "Libellé produit": "Madeleine pur beurre aux oeufs",
    "Marque": "ATELIER ST MICHEL",
    "Code Produit": 217403,
    "Température": "Surgele",
    "Conditionnement": "Portion de 45 g. Colis de 70 portions.",
    "Unité de commande": "colis",
    "Prix": "30,49 EUR",
    "Prix à l'unité de mesure": "9,68 EUR / kg",
    "Prix à la portion": "0,44 EUR / Portion",
    "DLC garantie au client": "30 jour(s)"
  },
  {
    "Rayon": "Pains Viennoiserie Pâtes",
    "Libellé produit": "Pain aux graines sans gluten. emballage individuel",
    "Marque": "BRIDOR",
    "Code Produit": 217424,
    "Température": "Surgele",
    "Conditionnement": "Portion de 45 g. Colis de 50 portions.",
    "Unité de commande": "colis",
    "Prix": "39,10 EUR",
    "Prix à l'unité de mesure": "17,38 EUR / kg",
    "Prix à la portion": "0,78 EUR / Portion",
    "DLC garantie au client": "30 jour(s)"
  },
  {
    "Rayon": "Pains Viennoiserie Pâtes",
    "Libellé produit": "Pain sans gluten. emballage individuel",
    "Marque": "BRIDOR",
    "Code Produit": 217425,
    "Température": "Surgele",
    "Conditionnement": "Portion de 45 g. Colis de 50 portions.",
    "Unité de commande": "colis",
    "Prix": "37,76 EUR",
    "Prix à l'unité de mesure": "16,78 EUR / kg",
    "Prix à la portion": "0,76 EUR / Portion",
    "DLC garantie au client": "30 jour(s)"
  },
  {
    "Rayon": "Pains Viennoiserie Pâtes",
    "Libellé produit": "Briochette sans gluten. emballage individuel",
    "Marque": "BRIDOR",
    "Code Produit": 217426,
    "Température": "Surgele",
    "Conditionnement": "Portion de 50 g. Colis de 50 portions.",
    "Unité de commande": "colis",
    "Prix": "51,27 EUR",
    "Prix à l'unité de mesure": "20,51 EUR / kg",
    "Prix à la portion": "1,03 EUR / Portion",
    "DLC garantie au client": "30 jour(s)"
  },
  {
    "Rayon": "Pâtisserie Biscuiterie Confiserie",
    "Libellé produit": "Madeleine sans gluten. emballage individuel",
    "Marque": "BRIDOR",
    "Code Produit": 217427,
    "Température": "Surgele",
    "Conditionnement": "Portion de 30 g. Colis de 50 portions.",
    "Unité de commande": "colis",
    "Prix": "47,98 EUR",
    "Prix à l'unité de mesure": "31,98 EUR / kg",
    "Prix à la portion": "0,96 EUR / Portion",
    "DLC garantie au client": "30 jour(s)"
  },
  {
    "Rayon": "Charcuterie Traiteur",
    "Libellé produit": "Carotte râpée assaisonée",
    "Marque": "LA BELLE HENRIETTE",
    "Code Produit": 217574,
    "Température": "Frais",
    "Conditionnement": "Par barquette de 2.5 kg. Colis de 2 barquettes.",
    "Unité de commande": "barquette",
    "Prix": "8,80 EUR",
    "Prix à l'unité de mesure": "3,52 EUR / kg",
    "Prix à la portion": "17,61 EUR / colis",
    "DLC garantie au client": "7 jour(s)"
  },
  {
    "Rayon": "Charcuterie Traiteur",
    "Libellé produit": "Céleri remoulade",
    "Marque": "LA BELLE HENRIETTE",
    "Code Produit": 217575,
    "Température": "Frais",
    "Conditionnement": "Barquette de 2.5 kg. Colis de 2 barquettes.",
    "Unité de commande": "colis",
    "Prix": "21,32 EUR",
    "Prix à l'unité de mesure": "4,26 EUR / kg",
    "Prix à la portion": "10,66 EUR / barquette",
    "DLC garantie au client": "7 jour(s)"
  },
  {
    "Rayon": "Charcuterie Traiteur",
    "Libellé produit": "Champignon à la grecque",
    "Marque": "LA BELLE HENRIETTE",
    "Code Produit": 217576,
    "Température": "Frais",
    "Conditionnement": "Par barquette de 2.5 kg. Colis de 2 barquettes.",
    "Unité de commande": "barquette",
    "Prix": "17,66 EUR",
    "Prix à l'unité de mesure": "7,06 EUR / kg",
    "Prix à la portion": "35,32 EUR / colis",
    "DLC garantie au client": "7 jour(s)"
  },
  {
    "Rayon": "Charcuterie Traiteur",
    "Libellé produit": "Taboulé oriental",
    "Marque": "LA BELLE HENRIETTE",
    "Code Produit": 217582,
    "Température": "Frais",
    "Conditionnement": "Par barquette de 2.5 kg. Colis de 2 barquettes.",
    "Unité de commande": "barquette",
    "Prix": "9,03 EUR",
    "Prix à l'unité de mesure": "3,61 EUR / kg",
    "Prix à la portion": "18,05 EUR / colis",
    "DLC garantie au client": "7 jour(s)"
  },
  {
    "Rayon": "Pains Viennoiserie Pâtes",
    "Libellé produit": "Pain de mie sans gluten",
    "Marque": "GERBLE",
    "Code Produit": 217661,
    "Température": "Ambiant",
    "Conditionnement": "Paquet de 350 g. Colis de 6 paquets.",
    "Unité de commande": "colis",
    "Prix": "22,55 EUR",
    "Prix à l'unité de mesure": "10,74 EUR / kg",
    "Prix à la portion": "3,76 EUR / paquet",
    "DLC garantie au client": "30 jour(s)"
  },
  {
    "Rayon": "Crèmerie Œufs Fromages",
    "Libellé produit": "Crème tenue et foisonnement. UHT 35% m.g.",
    "Marque": "DEBIC",
    "Code Produit": 217730,
    "Température": "Frais",
    "Conditionnement": "Bouteille de 996 ml. Colis de 6 bouteilles.",
    "Unité de commande": "colis",
    "Prix": "35,39 EUR",
    "Prix à l'unité de mesure": "5,92 EUR / L",
    "Prix à la portion": "5,90 EUR / bouteille",
    "DLC garantie au client": "7 jour(s)"
  },
  {
    "Rayon": "Poissons Coquillages Crustacés",
    "Libellé produit": "Filet de maquereau",
    "Marque": "",
    "Code Produit": 218201,
    "Température": "Frais",
    "Conditionnement": "Portion de 100 g. Colis de 30 portions.",
    "Unité de commande": "colis",
    "Prix": "43,52 EUR",
    "Prix à l'unité de mesure": "14,51 EUR / kg",
    "Prix à la portion": "1,45 EUR / Portion",
    "DLC garantie au client": ""
  },
  {
    "Rayon": "Charcuterie Traiteur",
    "Libellé produit": "Poivrons grillés marinés. la marché du sud",
    "Marque": "SUD & SOL LES CUISINES",
    "Code Produit": 218991,
    "Température": "Frais",
    "Conditionnement": "Par barquette de 1 kg. Colis de 4 barquettes.",
    "Unité de commande": "barquette",
    "Prix": "11,00 EUR",
    "Prix à l'unité de mesure": "11,00 EUR / kg",
    "Prix à la portion": "43,99 EUR / colis",
    "DLC garantie au client": "7 jour(s)"
  },
  {
    "Rayon": "Charcuterie Traiteur",
    "Libellé produit": "Mini panés végètarien",
    "Marque": "BOUCHER VEGETARIEN",
    "Code Produit": 219659,
    "Température": "Surgele",
    "Conditionnement": "Par colis de 1.75 kg.",
    "Unité de commande": "colis",
    "Prix": "23,46 EUR",
    "Prix à l'unité de mesure": "13,41 EUR / kg",
    "Prix à la portion": "",
    "DLC garantie au client": "30 jour(s)"
  },
  {
    "Rayon": "Viandes Volailles Gibier",
    "Libellé produit": "Echine de porc désossée",
    "Marque": "",
    "Code Produit": 219785,
    "Température": "Surgele",
    "Conditionnement": "Pièce de 2.2 kg. Colis de 4 pièces.",
    "Unité de commande": "colis",
    "Prix": "61,46 EUR",
    "Prix à l'unité de mesure": "6,98 EUR / kg",
    "Prix à la portion": "15,37 EUR / pièce",
    "DLC garantie au client": "30 jour(s)"
  },
  {
    "Rayon": "Épicerie",
    "Libellé produit": "Café moulu intermezzo. 100% robusta",
    "Marque": "SEGAFREDO ZANETTI",
    "Code Produit": 220194,
    "Température": "Ambiant",
    "Conditionnement": "Par paquet de 1 kg. Colis de 6 paquets.",
    "Unité de commande": "paquet",
    "Prix": "19,45 EUR",
    "Prix à l'unité de mesure": "19,45 EUR / kg",
    "Prix à la portion": "116,68 EUR / colis",
    "DLC garantie au client": "30 jour(s)"
  },
  {
    "Rayon": "Pâtisserie Biscuiterie Confiserie",
    "Libellé produit": "Madeleine aux pépites. de  chocolat",
    "Marque": "ST MICHEL",
    "Code Produit": 221066,
    "Température": "Ambiant",
    "Conditionnement": "Portion de 25 g. Colis de 100 portions.",
    "Unité de commande": "colis",
    "Prix": "23,61 EUR",
    "Prix à l'unité de mesure": "9,44 EUR / kg",
    "Prix à la portion": "0,24 EUR / Portion",
    "DLC garantie au client": "30 jour(s)"
  },
  {
    "Rayon": "Desserts Glaces",
    "Libellé produit": "Brownie au chocolat et. noix de pécan éco",
    "Marque": "CSM",
    "Code Produit": 221081,
    "Température": "Surgele",
    "Conditionnement": "Portion de 78.333 g. Plaque de 30 portions.",
    "Unité de commande": "plaque",
    "Prix": "19,61 EUR",
    "Prix à l'unité de mesure": "8,34 EUR / kg",
    "Prix à la portion": "0,65 EUR / Portion",
    "DLC garantie au client": "30 jour(s)"
  },
  {
    "Rayon": "Charcuterie Traiteur",
    "Libellé produit": "Jambon supérieure découenné. dégraissé vpf",
    "Marque": "JEAN FLOC'H",
    "Code Produit": 221153,
    "Température": "Frais",
    "Conditionnement": "Portion de 50 g. Barquette de 20 portions.",
    "Unité de commande": "barquette",
    "Prix": "10,45 EUR",
    "Prix à l'unité de mesure": "10,45 EUR / kg",
    "Prix à la portion": "0,52 EUR / Portion",
    "DLC garantie au client": "7 jour(s)"
  },
  {
    "Rayon": "Crèmerie Œufs Fromages",
    "Libellé produit": "Camembert de Normandie. au lait cru, 20% m.g. aop",
    "Marque": "SELECTION MQH POUR TGT",
    "Code Produit": 221189,
    "Température": "Frais",
    "Conditionnement": "Par pièce de 250 g. Colis de 6 pièces.",
    "Unité de commande": "pièce",
    "Prix": "4,50 EUR",
    "Prix à l'unité de mesure": "17,98 EUR / kg",
    "Prix à la portion": "26,98 EUR / colis",
    "DLC garantie au client": "7 jour(s)"
  },
  {
    "Rayon": "Crèmerie Œufs Fromages",
    "Libellé produit": "Pont l'éveque au lait cru aop. 25 % m.g.",
    "Marque": "SELECTION MQH POUR TGT",
    "Code Produit": 221190,
    "Température": "Frais",
    "Conditionnement": "Par pièce de 400 g. Colis de 6 pièces.",
    "Unité de commande": "pièce",
    "Prix": "7,38 EUR",
    "Prix à l'unité de mesure": "18,45 EUR / kg",
    "Prix à la portion": "44,28 EUR / colis",
    "DLC garantie au client": "7 jour(s)"
  },
  {
    "Rayon": "Crèmerie Œufs Fromages",
    "Libellé produit": "Livarot au lait cru aop. 22 % m.g.",
    "Marque": "SELECTION MQH POUR TGT",
    "Code Produit": 221191,
    "Température": "Frais",
    "Conditionnement": "Par pièce de 500 g. Colis de 6 pièces.",
    "Unité de commande": "pièce",
    "Prix": "10,59 EUR",
    "Prix à l'unité de mesure": "21,18 EUR / kg",
    "Prix à la portion": "63,54 EUR / colis",
    "DLC garantie au client": "7 jour(s)"
  },
  {
    "Rayon": "Crèmerie Œufs Fromages",
    "Libellé produit": "Rocamadour aop grand cru. 22 % m.g",
    "Marque": "SELECTION MQH POUR TGT",
    "Code Produit": 221194,
    "Température": "Frais",
    "Conditionnement": "Portion de 35 g. Barquette de 12 portions.",
    "Unité de commande": "barquette",
    "Prix": "15,21 EUR",
    "Prix à l'unité de mesure": "36,22 EUR / kg",
    "Prix à la portion": "1,27 EUR / Portion",
    "DLC garantie au client": "7 jour(s)"
  },
  {
    "Rayon": "Crèmerie Œufs Fromages",
    "Libellé produit": "Roquefort quart aop 32 % m.g.",
    "Marque": "SELECTION MQH POUR TGT",
    "Code Produit": 221196,
    "Température": "Frais",
    "Conditionnement": "Par pièce de 700 g. Colis de 4 pièces.",
    "Unité de commande": "pièce",
    "Prix": "17,64 EUR",
    "Prix à l'unité de mesure": "25,19 EUR / kg",
    "Prix à la portion": "70,54 EUR / colis",
    "DLC garantie au client": "7 jour(s)"
  },
  {
    "Rayon": "Crèmerie Œufs Fromages",
    "Libellé produit": "Sainte Maure de Touraine AOP. nu 22% m.g.. pièce de 250 g",
    "Marque": "SELECTION MQH POUR TGT",
    "Code Produit": 221197,
    "Température": "Frais",
    "Conditionnement": "Portion de 250 g. Colis de 3 portions.",
    "Unité de commande": "colis",
    "Prix": "17,78 EUR",
    "Prix à l'unité de mesure": "23,70 EUR / kg",
    "Prix à la portion": "5,93 EUR / Portion",
    "DLC garantie au client": "5 jour(s)"
  },
  {
    "Rayon": "Crèmerie Œufs Fromages",
    "Libellé produit": "Comté extra aop affiné 12 mois. 34.6 % m.g.",
    "Marque": "SELECTION MQH POUR TGT",
    "Code Produit": 221201,
    "Température": "Frais",
    "Conditionnement": "Par pièce de 500 g. Colis de 10 pièces.",
    "Unité de commande": "pièce",
    "Prix": "10,34 EUR",
    "Prix à l'unité de mesure": "20,68 EUR / kg",
    "Prix à la portion": "103,42 EUR / colis",
    "DLC garantie au client": "7 jour(s)"
  },
  {
    "Rayon": "Crèmerie Œufs Fromages",
    "Libellé produit": "St nectaire fermier. aop au lait cru, 22.5% m.g.",
    "Marque": "SELECTION MQH POUR TGT",
    "Code Produit": 221204,
    "Température": "Frais",
    "Conditionnement": "Par pièce de 1.65 kg. Colis de 3 pièces.",
    "Unité de commande": "pièce",
    "Prix": "30,61 EUR",
    "Prix à l'unité de mesure": "18,55 EUR / kg",
    "Prix à la portion": "91,84 EUR / colis",
    "DLC garantie au client": "7 jour(s)"
  },
  {
    "Rayon": "Crèmerie Œufs Fromages",
    "Libellé produit": "Quart de brie de Meaux aop. 20 % m.g",
    "Marque": "SELECTION MQH POUR TGT",
    "Code Produit": 221205,
    "Température": "Frais",
    "Conditionnement": "Par pièce de 750 g. Colis de 4 pièces.",
    "Unité de commande": "pièce",
    "Prix": "12,69 EUR",
    "Prix à l'unité de mesure": "16,92 EUR / kg",
    "Prix à la portion": "50,76 EUR / colis",
    "DLC garantie au client": "7 jour(s)"
  },
  {
    "Rayon": "Crèmerie Œufs Fromages",
    "Libellé produit": "Selles sur cher aop fermier",
    "Marque": "SELECTION MQH POUR TGT",
    "Code Produit": 221207,
    "Température": "Frais",
    "Conditionnement": "Pièce de 150 g. Colis de 6 pièces.",
    "Unité de commande": "colis",
    "Prix": "27,93 EUR",
    "Prix à l'unité de mesure": "31,03 EUR / kg",
    "Prix à la portion": "4,66 EUR / pièce",
    "DLC garantie au client": "7 jour(s)"
  },
  {
    "Rayon": "Boissons",
    "Libellé produit": "Orangina slim",
    "Marque": "ORANGINA",
    "Code Produit": 221237,
    "Température": "Ambiant",
    "Conditionnement": "Portion de 330 ml. Colis de 24 portions.",
    "Unité de commande": "colis",
    "Prix": "20,94 EUR",
    "Prix à l'unité de mesure": "2,64 EUR / L",
    "Prix à la portion": "0,87 EUR / Portion",
    "DLC garantie au client": "30 jour(s)"
  },
  {
    "Rayon": "Charcuterie Traiteur",
    "Libellé produit": "Anchois marines a l huile. seau de 1 kg",
    "Marque": "VANELLI",
    "Code Produit": 221307,
    "Température": "Frais",
    "Conditionnement": "Par seau de 1 kg. Colis de 4 seaux.",
    "Unité de commande": "seau",
    "Prix": "9,63 EUR",
    "Prix à l'unité de mesure": "9,63 EUR / kg",
    "Prix à la portion": "38,51 EUR / colis",
    "DLC garantie au client": "7 jour(s)"
  },
  {
    "Rayon": "Équipement Hygiène",
    "Libellé produit": "Sun tablette lave vaisselle. 188 tablettes",
    "Marque": "SUN",
    "Code Produit": 221482,
    "Température": "Ambiant",
    "Conditionnement": "Boite de 188 portions.",
    "Unité de commande": "boite",
    "Prix": "41,40 EUR",
    "Prix à l'unité de mesure": "",
    "Prix à la portion": "0,22 EUR / Portion",
    "DLC garantie au client": ""
  },
  {
    "Rayon": "Poissons Coquillages Crustacés",
    "Libellé produit": "Couteau",
    "Marque": "",
    "Code Produit": 222053,
    "Température": "Frais",
    "Conditionnement": "Par filet de 1 kg.",
    "Unité de commande": "filet",
    "Prix": "10,54 EUR",
    "Prix à l'unité de mesure": "10,54 EUR / kg",
    "Prix à la portion": "",
    "DLC garantie au client": ""
  },
  {
    "Rayon": "Crèmerie Œufs Fromages",
    "Libellé produit": "Yaourt nature pot carton. pièce de 125 g. lot de 4",
    "Marque": "MALO",
    "Code Produit": 222458,
    "Température": "Frais",
    "Conditionnement": "Portion de 125 g. Colis de 24 portions.",
    "Unité de commande": "colis",
    "Prix": "10,89 EUR",
    "Prix à l'unité de mesure": "3,63 EUR / kg",
    "Prix à la portion": "0,45 EUR / Portion",
    "DLC garantie au client": "7 jour(s)"
  },
  {
    "Rayon": "Épicerie",
    "Libellé produit": "Dattes deglet nour",
    "Marque": "DAURCES",
    "Code Produit": 222786,
    "Température": "Frais",
    "Conditionnement": "Par sac de 1 kg. Colis de 12 sacs.",
    "Unité de commande": "sac",
    "Prix": "2,81 EUR",
    "Prix à l'unité de mesure": "2,81 EUR / kg",
    "Prix à la portion": "33,74 EUR / colis",
    "DLC garantie au client": "30 jour(s)"
  },
  {
    "Rayon": "Poissons Coquillages Crustacés",
    "Libellé produit": "Filet de colin d'Alaska",
    "Marque": "",
    "Code Produit": 223038,
    "Température": "Surgele",
    "Conditionnement": "Par colis de 5 kg.",
    "Unité de commande": "colis",
    "Prix": "39,16 EUR",
    "Prix à l'unité de mesure": "7,83 EUR / kg",
    "Prix à la portion": "",
    "DLC garantie au client": "30 jour(s)"
  },
  {
    "Rayon": "Pains Viennoiserie Pâtes",
    "Libellé produit": "Pain cerealier precuit LALOS. pièce de 450 g. colis de 16",
    "Marque": "BRIDOR",
    "Code Produit": 223231,
    "Température": "Surgele",
    "Conditionnement": "Portion de 450 g. Colis de 16 portions.",
    "Unité de commande": "colis",
    "Prix": "24,47 EUR",
    "Prix à l'unité de mesure": "3,40 EUR / kg",
    "Prix à la portion": "1,53 EUR / Portion",
    "DLC garantie au client": "30 jour(s)"
  },
  {
    "Rayon": "Poissons Coquillages Crustacés",
    "Libellé produit": "Saumon élevé en écosse. label rouge",
    "Marque": "",
    "Code Produit": 223259,
    "Température": "Frais",
    "Conditionnement": "Par pièce de 4.5 kg.",
    "Unité de commande": "pièce",
    "Prix": "73,02 EUR",
    "Prix à l'unité de mesure": "16,23 EUR / kg",
    "Prix à la portion": "",
    "DLC garantie au client": ""
  },
  {
    "Rayon": "Poissons Coquillages Crustacés",
    "Libellé produit": "Bar d'élevage",
    "Marque": "",
    "Code Produit": 223265,
    "Température": "Frais",
    "Conditionnement": "Portion de 666.667 g. Colis de 9 portions.",
    "Unité de commande": "colis",
    "Prix": "90,10 EUR",
    "Prix à l'unité de mesure": "15,02 EUR / kg",
    "Prix à la portion": "10,01 EUR / Portion",
    "DLC garantie au client": "3 jour(s)"
  },
  {
    "Rayon": "Poissons Coquillages Crustacés",
    "Libellé produit": "Bar sauvage",
    "Marque": "",
    "Code Produit": 223272,
    "Température": "Frais",
    "Conditionnement": "Par pièce de 3.5 kg.",
    "Unité de commande": "pièce",
    "Prix": "137,16 EUR",
    "Prix à l'unité de mesure": "39,19 EUR / kg",
    "Prix à la portion": "",
    "DLC garantie au client": ""
  },
  {
    "Rayon": "Poissons Coquillages Crustacés",
    "Libellé produit": "Homard europe",
    "Marque": "",
    "Code Produit": 223284,
    "Température": "Frais",
    "Conditionnement": "Par pièce de 500 g.",
    "Unité de commande": "pièce",
    "Prix": "26,75 EUR",
    "Prix à l'unité de mesure": "53,49 EUR / kg",
    "Prix à la portion": "",
    "DLC garantie au client": ""
  },
  {
    "Rayon": "Poissons Coquillages Crustacés",
    "Libellé produit": "Homard europe",
    "Marque": "",
    "Code Produit": 223285,
    "Température": "Frais",
    "Conditionnement": "Par pièce de 700 g.",
    "Unité de commande": "pièce",
    "Prix": "39,30 EUR",
    "Prix à l'unité de mesure": "56,14 EUR / kg",
    "Prix à la portion": "",
    "DLC garantie au client": ""
  },
  {
    "Rayon": "Poissons Coquillages Crustacés",
    "Libellé produit": "Homard nord américain",
    "Marque": "",
    "Code Produit": 223286,
    "Température": "Frais",
    "Conditionnement": "Par pièce de 500 g.",
    "Unité de commande": "pièce",
    "Prix": "23,44 EUR",
    "Prix à l'unité de mesure": "46,89 EUR / kg",
    "Prix à la portion": "",
    "DLC garantie au client": ""
  },
  {
    "Rayon": "Poissons Coquillages Crustacés",
    "Libellé produit": "Homard nord américain",
    "Marque": "",
    "Code Produit": 223287,
    "Température": "Frais",
    "Conditionnement": "Par pièce de 700 g.",
    "Unité de commande": "pièce",
    "Prix": "34,67 EUR",
    "Prix à l'unité de mesure": "49,53 EUR / kg",
    "Prix à la portion": "",
    "DLC garantie au client": ""
  },
  {
    "Rayon": "Équipement Hygiène",
    "Libellé produit": "Mouchoir 2 plis. 20x20cm",
    "Marque": "",
    "Code Produit": 223443,
    "Température": "Ambiant",
    "Conditionnement": "Colis de 40 boites. Boite de 100 portions.",
    "Unité de commande": "colis",
    "Prix": "31,40 EUR",
    "Prix à l'unité de mesure": "",
    "Prix à la portion": "0,79 EUR / boite",
    "DLC garantie au client": ""
  },
  {
    "Rayon": "Charcuterie Traiteur",
    "Libellé produit": "Palet végétarien",
    "Marque": "BOUCHER VEGETARIEN",
    "Code Produit": 223775,
    "Température": "Surgele",
    "Conditionnement": "Portion de 80 g. Colis de 30 portions.",
    "Unité de commande": "colis",
    "Prix": "32,15 EUR",
    "Prix à l'unité de mesure": "13,40 EUR / kg",
    "Prix à la portion": "1,07 EUR / Portion",
    "DLC garantie au client": "30 jour(s)"
  },
  {
    "Rayon": "Viandes Volailles Gibier",
    "Libellé produit": "Cuisse de lapin",
    "Marque": "",
    "Code Produit": 223979,
    "Température": "Surgele",
    "Conditionnement": "Par colis de 5 kg.",
    "Unité de commande": "colis",
    "Prix": "35,34 EUR",
    "Prix à l'unité de mesure": "7,07 EUR / kg",
    "Prix à la portion": "",
    "DLC garantie au client": "30 jour(s)"
  },
  {
    "Rayon": "Fruits et Légumes",
    "Libellé produit": "Radis noir. catégorie 1",
    "Marque": "STKFL",
    "Code Produit": 224486,
    "Température": "Frais",
    "Conditionnement": "Par pièce de 300 g. Colis de 10 pièces.",
    "Unité de commande": "pièce",
    "Prix": "1,41 EUR",
    "Prix à l'unité de mesure": "4,70 EUR / kg",
    "Prix à la portion": "14,10 EUR / colis",
    "DLC garantie au client": ""
  },
  {
    "Rayon": "Desserts Glaces",
    "Libellé produit": "Gourde pomme",
    "Marque": "ANDROS",
    "Code Produit": 224892,
    "Température": "Ambiant",
    "Conditionnement": "Portion de 90 g. Colis de 24 portions.",
    "Unité de commande": "colis",
    "Prix": "8,47 EUR",
    "Prix à l'unité de mesure": "3,92 EUR / kg",
    "Prix à la portion": "0,35 EUR / Portion",
    "DLC garantie au client": "30 jour(s)"
  },
  {
    "Rayon": "Poissons Coquillages Crustacés",
    "Libellé produit": "Pavé saumon keta sans peau. sans aretes msc",
    "Marque": "TGT QUALITY",
    "Code Produit": 224991,
    "Température": "Surgele",
    "Conditionnement": "Par colis de 5 kg.",
    "Unité de commande": "colis",
    "Prix": "52,20 EUR",
    "Prix à l'unité de mesure": "10,44 EUR / kg",
    "Prix à la portion": "",
    "DLC garantie au client": "30 jour(s)"
  },
  {
    "Rayon": "Boissons",
    "Libellé produit": "Perrier nature. boite slim de 33 cl",
    "Marque": "PERRIER",
    "Code Produit": 225404,
    "Température": "Ambiant",
    "Conditionnement": "Portion de 330 ml. Colis de 24 portions.",
    "Unité de commande": "colis",
    "Prix": "20,23 EUR",
    "Prix à l'unité de mesure": "2,55 EUR / L",
    "Prix à la portion": "0,84 EUR / Portion",
    "DLC garantie au client": "30 jour(s)"
  },
  {
    "Rayon": "Viandes Volailles Gibier",
    "Libellé produit": "Steak haché black angus façon. bouchère 20% m.g.",
    "Marque": "NEWBIF",
    "Code Produit": 225512,
    "Température": "Surgele",
    "Conditionnement": "Portion de 150 g. Colis de 20 portions.",
    "Unité de commande": "colis",
    "Prix": "38,10 EUR",
    "Prix à l'unité de mesure": "12,70 EUR / kg",
    "Prix à la portion": "1,90 EUR / Portion",
    "DLC garantie au client": "30 jour(s)"
  },
  {
    "Rayon": "Charcuterie Traiteur",
    "Libellé produit": "Gyoza poulet",
    "Marque": "AJINOMOTO",
    "Code Produit": 225766,
    "Température": "Surgele",
    "Conditionnement": "Sachet de 590 g. Colis de 10 sachets.",
    "Unité de commande": "colis",
    "Prix": "65,57 EUR",
    "Prix à l'unité de mesure": "11,11 EUR / kg",
    "Prix à la portion": "6,56 EUR / sachet",
    "DLC garantie au client": "30 jour(s)"
  },
  {
    "Rayon": "Charcuterie Traiteur",
    "Libellé produit": "Gyoza végétarien",
    "Marque": "AJINOMOTO",
    "Code Produit": 225767,
    "Température": "Surgele",
    "Conditionnement": "Sachet de 590 g. Colis de 10 sachets.",
    "Unité de commande": "colis",
    "Prix": "57,04 EUR",
    "Prix à l'unité de mesure": "9,67 EUR / kg",
    "Prix à la portion": "5,70 EUR / sachet",
    "DLC garantie au client": "30 jour(s)"
  },
  {
    "Rayon": "Charcuterie Traiteur",
    "Libellé produit": "Porc au caramel riz",
    "Marque": "",
    "Code Produit": 225809,
    "Température": "Surgele",
    "Conditionnement": "Portion de 300 g. Colis de 6 portions.",
    "Unité de commande": "colis",
    "Prix": "24,13 EUR",
    "Prix à l'unité de mesure": "13,41 EUR / kg",
    "Prix à la portion": "4,02 EUR / portion",
    "DLC garantie au client": "30 jour(s)"
  },
  {
    "Rayon": "Charcuterie Traiteur",
    "Libellé produit": "Croque campagne",
    "Marque": "",
    "Code Produit": 225829,
    "Température": "Surgele",
    "Conditionnement": "Pièce de 250 g. Colis de 18 pièces.",
    "Unité de commande": "colis",
    "Prix": "64,51 EUR",
    "Prix à l'unité de mesure": "14,34 EUR / kg",
    "Prix à la portion": "3,58 EUR / pièce",
    "DLC garantie au client": "30 jour(s)"
  },
  {
    "Rayon": "Accompagnements Assaisonnement",
    "Libellé produit": "Haricots verts persillé",
    "Marque": "BONDUELLE FOOD SERVICE",
    "Code Produit": 226876,
    "Température": "Surgele",
    "Conditionnement": "Portion de 165 g. Colis de 20 portions.",
    "Unité de commande": "colis",
    "Prix": "22,13 EUR",
    "Prix à l'unité de mesure": "6,71 EUR / kg",
    "Prix à la portion": "1,11 EUR / Portion",
    "DLC garantie au client": "30 jour(s)"
  },
  {
    "Rayon": "Accompagnements Assaisonnement",
    "Libellé produit": "Légumes plancha",
    "Marque": "BONDUELLE FOOD SERVICE",
    "Code Produit": 226888,
    "Température": "Surgele",
    "Conditionnement": "Portion de 180 g. Colis de 24 portions.",
    "Unité de commande": "colis",
    "Prix": "25,67 EUR",
    "Prix à l'unité de mesure": "5,94 EUR / kg",
    "Prix à la portion": "1,07 EUR / Portion",
    "DLC garantie au client": "30 jour(s)"
  },
  {
    "Rayon": "Accompagnements Assaisonnement",
    "Libellé produit": "Penne cuit",
    "Marque": "SMILING COOK",
    "Code Produit": 226889,
    "Température": "Surgele",
    "Conditionnement": "Portion de 200 g. Colis de 25 portions.",
    "Unité de commande": "colis",
    "Prix": "19,75 EUR",
    "Prix à l'unité de mesure": "3,95 EUR / kg",
    "Prix à la portion": "0,79 EUR / Portion",
    "DLC garantie au client": "30 jour(s)"
  },
  {
    "Rayon": "Accompagnements Assaisonnement",
    "Libellé produit": "Riz cuit",
    "Marque": "SMILING COOK",
    "Code Produit": 226890,
    "Température": "Surgele",
    "Conditionnement": "Portion de 200 g. Colis de 25 portions.",
    "Unité de commande": "colis",
    "Prix": "16,44 EUR",
    "Prix à l'unité de mesure": "3,29 EUR / kg",
    "Prix à la portion": "0,66 EUR / Portion",
    "DLC garantie au client": "30 jour(s)"
  },
  {
    "Rayon": "Desserts Glaces",
    "Libellé produit": "Fondant caramel pécan",
    "Marque": "",
    "Code Produit": 226896,
    "Température": "Surgele",
    "Conditionnement": "Portion de 80 g. Colis de 24 portions.",
    "Unité de commande": "colis",
    "Prix": "32,32 EUR",
    "Prix à l'unité de mesure": "16,83 EUR / kg",
    "Prix à la portion": "1,35 EUR / Portion",
    "DLC garantie au client": "30 jour(s)"
  },
  {
    "Rayon": "Équipement Hygiène",
    "Libellé produit": "Pastille Javel. boite de 150. boite de 500gr",
    "Marque": "PRODIFA",
    "Code Produit": 227033,
    "Température": "Ambiant",
    "Conditionnement": "Boite de 150 portions.",
    "Unité de commande": "boite",
    "Prix": "5,17 EUR",
    "Prix à l'unité de mesure": "",
    "Prix à la portion": "0,03 EUR / Portion",
    "DLC garantie au client": "30 jour(s)"
  },
  {
    "Rayon": "Équipement Hygiène",
    "Libellé produit": "Bobine 18x27 450 feuilles. 2 plis blanc sans manderin",
    "Marque": "TORK",
    "Code Produit": 227410,
    "Température": "Ambiant",
    "Conditionnement": "Colis de 6 bobines.",
    "Unité de commande": "colis",
    "Prix": "21,42 EUR",
    "Prix à l'unité de mesure": "",
    "Prix à la portion": "3,57 EUR / bobine",
    "DLC garantie au client": ""
  },
  {
    "Rayon": "Desserts Glaces",
    "Libellé produit": "Fondant praliné noisette",
    "Marque": "",
    "Code Produit": 227452,
    "Température": "Surgele",
    "Conditionnement": "Portion de 80 g. Colis de 24 portions.",
    "Unité de commande": "colis",
    "Prix": "37,77 EUR",
    "Prix à l'unité de mesure": "19,67 EUR / kg",
    "Prix à la portion": "1,57 EUR / Portion",
    "DLC garantie au client": "30 jour(s)"
  },
  {
    "Rayon": "Poissons Coquillages Crustacés",
    "Libellé produit": "Cabillaud. vdk (vidé décapité)",
    "Marque": "",
    "Code Produit": 227726,
    "Température": "Frais",
    "Conditionnement": "Par pièce de 5 kg.",
    "Unité de commande": "pièce",
    "Prix": "89,55 EUR",
    "Prix à l'unité de mesure": "17,91 EUR / kg",
    "Prix à la portion": "",
    "DLC garantie au client": ""
  },
  {
    "Rayon": "Poissons Coquillages Crustacés",
    "Libellé produit": "Filet cabillaud avec peau",
    "Marque": "",
    "Code Produit": 227730,
    "Température": "Frais",
    "Conditionnement": "Par pièce de 1.429 kg.",
    "Unité de commande": "pièce",
    "Prix": "33,95 EUR",
    "Prix à l'unité de mesure": "23,76 EUR / kg",
    "Prix à la portion": "",
    "DLC garantie au client": ""
  },
  {
    "Rayon": "Poissons Coquillages Crustacés",
    "Libellé produit": "Colin merlu",
    "Marque": "",
    "Code Produit": 227734,
    "Température": "Frais",
    "Conditionnement": "Par pièce de 3.5 kg.",
    "Unité de commande": "pièce",
    "Prix": "47,52 EUR",
    "Prix à l'unité de mesure": "13,58 EUR / kg",
    "Prix à la portion": "",
    "DLC garantie au client": ""
  },
  {
    "Rayon": "Viandes Volailles Gibier",
    "Libellé produit": "Demi rôti longe veau",
    "Marque": "",
    "Code Produit": 227966,
    "Température": "Frais",
    "Conditionnement": "Par poche de 2 kg.",
    "Unité de commande": "poche",
    "Prix": "44,66 EUR",
    "Prix à l'unité de mesure": "22,33 EUR / kg",
    "Prix à la portion": "",
    "DLC garantie au client": "7 jour(s)"
  },
  {
    "Rayon": "Fruits et Légumes",
    "Libellé produit": "Epinard jeune pousse",
    "Marque": "ROSEE DES CHAMPS",
    "Code Produit": 228318,
    "Température": "Frais",
    "Conditionnement": "Par sachet de 250 g. Colis de 8 sachets.",
    "Unité de commande": "sachet",
    "Prix": "2,48 EUR",
    "Prix à l'unité de mesure": "9,92 EUR / kg",
    "Prix à la portion": "19,83 EUR / colis",
    "DLC garantie au client": "4 jour(s)"
  },
  {
    "Rayon": "Viandes Volailles Gibier",
    "Libellé produit": "Steak haché rond 20% m.g.. façon bouchère vbf",
    "Marque": "BEAUVALLET RESTAURATION",
    "Code Produit": 228406,
    "Température": "Frais",
    "Conditionnement": "Portion de 100 g. Colis de 16 portions.",
    "Unité de commande": "colis",
    "Prix": "20,53 EUR",
    "Prix à l'unité de mesure": "12,83 EUR / kg",
    "Prix à la portion": "1,28 EUR / Portion",
    "DLC garantie au client": "4 jour(s)"
  },
  {
    "Rayon": "Viandes Volailles Gibier",
    "Libellé produit": "Aile de poulet nue",
    "Marque": "LE GAULOIS PROF",
    "Code Produit": 228442,
    "Température": "Frais",
    "Conditionnement": "Poche de 2.5 kg. Colis de 2 poches.",
    "Unité de commande": "colis",
    "Prix": "16,32 EUR",
    "Prix à l'unité de mesure": "3,26 EUR / kg",
    "Prix à la portion": "8,16 EUR / poche",
    "DLC garantie au client": "7 jour(s)"
  },
  {
    "Rayon": "Poissons Coquillages Crustacés",
    "Libellé produit": "Filet de perche du nil. décongelé",
    "Marque": "",
    "Code Produit": 228622,
    "Température": "Frais",
    "Conditionnement": "Par colis de 3 kg.",
    "Unité de commande": "colis",
    "Prix": "45,51 EUR",
    "Prix à l'unité de mesure": "15,17 EUR / kg",
    "Prix à la portion": "",
    "DLC garantie au client": "2 jour(s)"
  },
  {
    "Rayon": "Fruits et Légumes",
    "Libellé produit": "Lentilles vertes bio",
    "Marque": "LUNOR",
    "Code Produit": 228862,
    "Température": "Ambiant",
    "Conditionnement": "Par sachet de 2 kg. Colis de 5 sachets.",
    "Unité de commande": "sachet",
    "Prix": "9,56 EUR",
    "Prix à l'unité de mesure": "4,78 EUR / kg",
    "Prix à la portion": "47,80 EUR / colis",
    "DLC garantie au client": "7 jour(s)"
  },
  {
    "Rayon": "Boissons",
    "Libellé produit": "Eau minérale evian",
    "Marque": "EVIAN",
    "Code Produit": 228929,
    "Température": "Ambiant",
    "Conditionnement": "Bouteille de 500 ml. Colis de 24 bouteilles.",
    "Unité de commande": "colis",
    "Prix": "16,54 EUR",
    "Prix à l'unité de mesure": "1,38 EUR / L",
    "Prix à la portion": "0,69 EUR / bouteille",
    "DLC garantie au client": "30 jour(s)"
  },
  {
    "Rayon": "Boissons",
    "Libellé produit": "Eau minérale evian",
    "Marque": "EVIAN",
    "Code Produit": 228932,
    "Température": "Ambiant",
    "Conditionnement": "Bouteille de 330 ml. Colis de 24 bouteilles.",
    "Unité de commande": "colis",
    "Prix": "16,01 EUR",
    "Prix à l'unité de mesure": "2,02 EUR / L",
    "Prix à la portion": "0,67 EUR / bouteille",
    "DLC garantie au client": "30 jour(s)"
  },
  {
    "Rayon": "Crèmerie Œufs Fromages",
    "Libellé produit": "Lait entier stérilisé uht",
    "Marque": "LAIT D'ICI",
    "Code Produit": 229525,
    "Température": "Frais",
    "Conditionnement": "Brick de 1 litre. Colis de 6 bricks.",
    "Unité de commande": "colis",
    "Prix": "6,46 EUR",
    "Prix à l'unité de mesure": "1,08 EUR / L",
    "Prix à la portion": "1,08 EUR / brick",
    "DLC garantie au client": "7 jour(s)"
  },
  {
    "Rayon": "Crèmerie Œufs Fromages",
    "Libellé produit": "Fromage blanc lisse 0%",
    "Marque": "ALSACE LAIT",
    "Code Produit": 229657,
    "Température": "Frais",
    "Conditionnement": "Par seau de 5 kg.",
    "Unité de commande": "seau",
    "Prix": "12,19 EUR",
    "Prix à l'unité de mesure": "2,44 EUR / kg",
    "Prix à la portion": "",
    "DLC garantie au client": "7 jour(s)"
  },
  {
    "Rayon": "Fruits et Légumes",
    "Libellé produit": "Tomate cerise grappe. catégorie 1",
    "Marque": "STKFL",
    "Code Produit": 229964,
    "Température": "Frais",
    "Conditionnement": "Par colis de 3 kg.",
    "Unité de commande": "colis",
    "Prix": "7,10 EUR",
    "Prix à l'unité de mesure": "2,37 EUR / kg",
    "Prix à la portion": "",
    "DLC garantie au client": ""
  },
  {
    "Rayon": "Épicerie",
    "Libellé produit": "Pate à tartiner à la cacahuete",
    "Marque": "ANDROS",
    "Code Produit": 230693,
    "Température": "Ambiant",
    "Conditionnement": "Par pot de 325 g. Colis de 6 pots.",
    "Unité de commande": "pot",
    "Prix": "2,84 EUR",
    "Prix à l'unité de mesure": "8,73 EUR / kg",
    "Prix à la portion": "17,02 EUR / colis",
    "DLC garantie au client": "30 jour(s)"
  },
  {
    "Rayon": "Poissons Coquillages Crustacés",
    "Libellé produit": "Filet d'eglefin. sans peau - avec arretes",
    "Marque": "",
    "Code Produit": 230777,
    "Température": "Frais",
    "Conditionnement": "Par colis de 3 kg.",
    "Unité de commande": "colis",
    "Prix": "44,78 EUR",
    "Prix à l'unité de mesure": "14,93 EUR / kg",
    "Prix à la portion": "",
    "DLC garantie au client": ""
  },
  {
    "Rayon": "Poissons Coquillages Crustacés",
    "Libellé produit": "Filet de merlu avec peau",
    "Marque": "",
    "Code Produit": 230778,
    "Température": "Frais",
    "Conditionnement": "Par colis de 3 kg.",
    "Unité de commande": "colis",
    "Prix": "47,49 EUR",
    "Prix à l'unité de mesure": "15,83 EUR / kg",
    "Prix à la portion": "",
    "DLC garantie au client": ""
  },
  {
    "Rayon": "Pains Viennoiserie Pâtes",
    "Libellé produit": "Petit pain long",
    "Marque": "",
    "Code Produit": 230834,
    "Température": "Surgele",
    "Conditionnement": "Portion de 60 g. Colis de 150 portions.",
    "Unité de commande": "colis",
    "Prix": "20,08 EUR",
    "Prix à l'unité de mesure": "2,23 EUR / kg",
    "Prix à la portion": "0,13 EUR / Portion",
    "DLC garantie au client": "30 jour(s)"
  },
  {
    "Rayon": "Poissons Coquillages Crustacés",
    "Libellé produit": "Turbot elévé en espagne",
    "Marque": "",
    "Code Produit": 231814,
    "Température": "Frais",
    "Conditionnement": "Par pièce de 1.5 kg.",
    "Unité de commande": "pièce",
    "Prix": "34,65 EUR",
    "Prix à l'unité de mesure": "23,10 EUR / kg",
    "Prix à la portion": "",
    "DLC garantie au client": ""
  },
  {
    "Rayon": "Poissons Coquillages Crustacés",
    "Libellé produit": "Turbot élevé",
    "Marque": "",
    "Code Produit": 231816,
    "Température": "Frais",
    "Conditionnement": "Par pièce de 3.5 kg.",
    "Unité de commande": "pièce",
    "Prix": "95,69 EUR",
    "Prix à l'unité de mesure": "27,34 EUR / kg",
    "Prix à la portion": "",
    "DLC garantie au client": ""
  },
  {
    "Rayon": "Fruits et Légumes",
    "Libellé produit": "Myrtille. catégorie 1",
    "Marque": "STKFL",
    "Code Produit": 232065,
    "Température": "Frais",
    "Conditionnement": "Par barquette de 125 g.",
    "Unité de commande": "barquette",
    "Prix": "1,67 EUR",
    "Prix à l'unité de mesure": "13,38 EUR / kg",
    "Prix à la portion": "",
    "DLC garantie au client": "10 jour(s)"
  },
  {
    "Rayon": "Desserts Glaces",
    "Libellé produit": "Eclair fondant chocolat",
    "Marque": "SYMPHONIE PASQUIER",
    "Code Produit": 232070,
    "Température": "Surgele",
    "Conditionnement": "Portion de 80 g. Sachet de 10 portions.",
    "Unité de commande": "sachet",
    "Prix": "5,64 EUR",
    "Prix à l'unité de mesure": "7,05 EUR / kg",
    "Prix à la portion": "0,56 EUR / Portion",
    "DLC garantie au client": "30 jour(s)"
  },
  {
    "Rayon": "Desserts Glaces",
    "Libellé produit": "Eclair fondant au café",
    "Marque": "SYMPHONIE PASQUIER",
    "Code Produit": 232074,
    "Température": "Surgele",
    "Conditionnement": "Sachet de 800 g. Colis de 6 sachets. Sachet de 10 portions.",
    "Unité de commande": "colis",
    "Prix": "35,33 EUR",
    "Prix à l'unité de mesure": "7,36 EUR / kg",
    "Prix à la portion": "5,89 EUR / sachet",
    "DLC garantie au client": "30 jour(s)"
  },
  {
    "Rayon": "Pains Viennoiserie Pâtes",
    "Libellé produit": "Petit pain précuit sur sole. bio",
    "Marque": "BRIDOR",
    "Code Produit": 232136,
    "Température": "Surgele",
    "Conditionnement": "Portion de 50 g. Colis de 180 portions.",
    "Unité de commande": "colis",
    "Prix": "37,26 EUR",
    "Prix à l'unité de mesure": "4,14 EUR / kg",
    "Prix à la portion": "0,21 EUR / Portion",
    "DLC garantie au client": "30 jour(s)"
  },
  {
    "Rayon": "Poissons Coquillages Crustacés",
    "Libellé produit": "Crevette cuite décortiquée. moyenne 200/300. colorée, en saumure",
    "Marque": "DELICEMER",
    "Code Produit": 232273,
    "Température": "Frais",
    "Conditionnement": "Par pot de 900 g. Colis de 6 pots.",
    "Unité de commande": "pot",
    "Prix": "15,65 EUR",
    "Prix à l'unité de mesure": "17,39 EUR / kg",
    "Prix à la portion": "93,90 EUR / colis",
    "DLC garantie au client": "7 jour(s)"
  },
  {
    "Rayon": "Charcuterie Traiteur",
    "Libellé produit": "Jambon cuit choix 1/2 lune. découenné dégraissé. tranche de 40 g",
    "Marque": "JEAN FLOCH",
    "Code Produit": 232418,
    "Température": "Frais",
    "Conditionnement": "Portion de 40 g. Barquette de 25 portions.",
    "Unité de commande": "barquette",
    "Prix": "7,67 EUR",
    "Prix à l'unité de mesure": "7,67 EUR / kg",
    "Prix à la portion": "0,31 EUR / Portion",
    "DLC garantie au client": "7 jour(s)"
  },
  {
    "Rayon": "Charcuterie Traiteur",
    "Libellé produit": "Blanc de dinde cuit. pièce de 40 gr. 10 tranches",
    "Marque": "JEAN FLOCH",
    "Code Produit": 232456,
    "Température": "Frais",
    "Conditionnement": "Portion de 40 g. Barquette de 10 portions.",
    "Unité de commande": "barquette",
    "Prix": "4,52 EUR",
    "Prix à l'unité de mesure": "11,29 EUR / kg",
    "Prix à la portion": "0,45 EUR / Portion",
    "DLC garantie au client": "7 jour(s)"
  },
  {
    "Rayon": "Épicerie",
    "Libellé produit": "Oeuf saumon sauvage",
    "Marque": "COMPTOIR DU CAVIAR",
    "Code Produit": 232829,
    "Température": "Frais",
    "Conditionnement": "Par pot de 100 g.",
    "Unité de commande": "pot",
    "Prix": "12,89 EUR",
    "Prix à l'unité de mesure": "128,88 EUR / kg",
    "Prix à la portion": "",
    "DLC garantie au client": ""
  },
  {
    "Rayon": "Accompagnements Assaisonnement",
    "Libellé produit": "Légumes pour couscous. cuisinés",
    "Marque": "D'AUCY",
    "Code Produit": 233737,
    "Température": "Surgele",
    "Conditionnement": "Par sachet de 2.5 kg. Colis de 4 sachets.",
    "Unité de commande": "sachet",
    "Prix": "9,67 EUR",
    "Prix à l'unité de mesure": "3,87 EUR / kg",
    "Prix à la portion": "38,67 EUR / colis",
    "DLC garantie au client": "30 jour(s)"
  },
  {
    "Rayon": "Équipement Hygiène",
    "Libellé produit": "Godet en aluminium. contenance 135cc. 86x33mm",
    "Marque": "",
    "Code Produit": 233961,
    "Température": "Ambiant",
    "Conditionnement": "Sachet de 100 portions.",
    "Unité de commande": "sachet",
    "Prix": "5,45 EUR",
    "Prix à l'unité de mesure": "",
    "Prix à la portion": "0,05 EUR / Portion",
    "DLC garantie au client": ""
  },
  {
    "Rayon": "Équipement Hygiène",
    "Libellé produit": "Godet en aluminium. contenance 90 cc. 75x40mm",
    "Marque": "",
    "Code Produit": 233970,
    "Température": "Ambiant",
    "Conditionnement": "Sachet de 100 portions.",
    "Unité de commande": "sachet",
    "Prix": "4,75 EUR",
    "Prix à l'unité de mesure": "",
    "Prix à la portion": "0,05 EUR / Portion",
    "DLC garantie au client": ""
  },
  {
    "Rayon": "Poissons Coquillages Crustacés",
    "Libellé produit": "Lieu jaune. vdk",
    "Marque": "",
    "Code Produit": 235838,
    "Température": "Frais",
    "Conditionnement": "Par pièce de 3 kg.",
    "Unité de commande": "pièce",
    "Prix": "45,50 EUR",
    "Prix à l'unité de mesure": "15,17 EUR / kg",
    "Prix à la portion": "",
    "DLC garantie au client": ""
  },
  {
    "Rayon": "Poissons Coquillages Crustacés",
    "Libellé produit": "Saint pierre petits bateaux",
    "Marque": "",
    "Code Produit": 235848,
    "Température": "Frais",
    "Conditionnement": "Par pièce de 857 g.",
    "Unité de commande": "pièce",
    "Prix": "27,72 EUR",
    "Prix à l'unité de mesure": "32,35 EUR / kg",
    "Prix à la portion": "",
    "DLC garantie au client": ""
  },
  {
    "Rayon": "Poissons Coquillages Crustacés",
    "Libellé produit": "Langoustine crue. calibre 10/15",
    "Marque": "",
    "Code Produit": 235856,
    "Température": "Frais",
    "Conditionnement": "Par pièce de 3 kg.",
    "Unité de commande": "pièce",
    "Prix": "81,19 EUR",
    "Prix à l'unité de mesure": "27,06 EUR / kg",
    "Prix à la portion": "",
    "DLC garantie au client": ""
  },
  {
    "Rayon": "Poissons Coquillages Crustacés",
    "Libellé produit": "Langoutine crue. calibre 16/20",
    "Marque": "",
    "Code Produit": 235857,
    "Température": "Frais",
    "Conditionnement": "Par pièce de 3 kg.",
    "Unité de commande": "pièce",
    "Prix": "57,40 EUR",
    "Prix à l'unité de mesure": "19,13 EUR / kg",
    "Prix à la portion": "",
    "DLC garantie au client": ""
  },
  {
    "Rayon": "Poissons Coquillages Crustacés",
    "Libellé produit": "Queue de Lotte pechée en mer",
    "Marque": "",
    "Code Produit": 235879,
    "Température": "Frais",
    "Conditionnement": "Par pièce de 2.5 kg.",
    "Unité de commande": "pièce",
    "Prix": "63,56 EUR",
    "Prix à l'unité de mesure": "25,42 EUR / kg",
    "Prix à la portion": "",
    "DLC garantie au client": ""
  },
  {
    "Rayon": "Poissons Coquillages Crustacés",
    "Libellé produit": "Filet maigre élevé",
    "Marque": "",
    "Code Produit": 235884,
    "Température": "Frais",
    "Conditionnement": "Par pièce de 700 g.",
    "Unité de commande": "pièce",
    "Prix": "24,08 EUR",
    "Prix à l'unité de mesure": "34,41 EUR / kg",
    "Prix à la portion": "",
    "DLC garantie au client": "3 jour(s)"
  },
  {
    "Rayon": "Poissons Coquillages Crustacés",
    "Libellé produit": "Maquereau",
    "Marque": "",
    "Code Produit": 235885,
    "Température": "Frais",
    "Conditionnement": "Par pièce de 3 kg.",
    "Unité de commande": "pièce",
    "Prix": "31,46 EUR",
    "Prix à l'unité de mesure": "10,49 EUR / kg",
    "Prix à la portion": "",
    "DLC garantie au client": ""
  },
  {
    "Rayon": "Fruits et Légumes",
    "Libellé produit": "Poireau. catégorie 1. France",
    "Marque": "STKFL",
    "Code Produit": 235968,
    "Température": "Frais",
    "Conditionnement": "Par pièce de 1 kg.",
    "Unité de commande": "pièce",
    "Prix": "3,55 EUR",
    "Prix à l'unité de mesure": "3,55 EUR / kg",
    "Prix à la portion": "",
    "DLC garantie au client": ""
  },
  {
    "Rayon": "Poissons Coquillages Crustacés",
    "Libellé produit": "Saint pierre. vidé",
    "Marque": "",
    "Code Produit": 235971,
    "Température": "Frais",
    "Conditionnement": "Par pièce de 2.5 kg.",
    "Unité de commande": "pièce",
    "Prix": "100,70 EUR",
    "Prix à l'unité de mesure": "40,28 EUR / kg",
    "Prix à la portion": "",
    "DLC garantie au client": ""
  },
  {
    "Rayon": "Équipement Hygiène",
    "Libellé produit": "Serviette blanche. 2 plis. dimension 32 x 32 cm",
    "Marque": "TORK",
    "Code Produit": 236297,
    "Température": "Ambiant",
    "Conditionnement": "Sachet de 200 portions.",
    "Unité de commande": "sachet",
    "Prix": "3,54 EUR",
    "Prix à l'unité de mesure": "",
    "Prix à la portion": "0,02 EUR / Portion",
    "DLC garantie au client": ""
  },
  {
    "Rayon": "Crèmerie Œufs Fromages",
    "Libellé produit": "Roquefort aop templiers. 31% m.g.",
    "Marque": "TEMPLIERS",
    "Code Produit": 237631,
    "Température": "Frais",
    "Conditionnement": "Par pain de 1.35 kg. Colis de 2 pains.",
    "Unité de commande": "pain",
    "Prix": "20,03 EUR",
    "Prix à l'unité de mesure": "14,84 EUR / kg",
    "Prix à la portion": "40,06 EUR / colis",
    "DLC garantie au client": "7 jour(s)"
  },
  {
    "Rayon": "Épicerie",
    "Libellé produit": "Canderel comprimé sucralose",
    "Marque": "CANDEREL",
    "Code Produit": 237730,
    "Température": "Ambiant",
    "Conditionnement": "Portion de 0.704 g. Colis de 250 portions.",
    "Unité de commande": "colis",
    "Prix": "7,57 EUR",
    "Prix à l'unité de mesure": "42,99 EUR / kg",
    "Prix à la portion": "0,03 EUR / Portion",
    "DLC garantie au client": "30 jour(s)"
  },
  {
    "Rayon": "Poissons Coquillages Crustacés",
    "Libellé produit": "Moules d'Espagne",
    "Marque": "",
    "Code Produit": 237801,
    "Température": "Frais",
    "Conditionnement": "Par pièce de 3 kg.",
    "Unité de commande": "pièce",
    "Prix": "9,73 EUR",
    "Prix à l'unité de mesure": "3,24 EUR / kg",
    "Prix à la portion": "",
    "DLC garantie au client": ""
  },
  {
    "Rayon": "Crèmerie Œufs Fromages",
    "Libellé produit": "Yaourt brassé aux fruits mixés",
    "Marque": "DANONE",
    "Code Produit": 237846,
    "Température": "Frais",
    "Conditionnement": "Portion de 125 g. Lot de 8 portions.",
    "Unité de commande": "lot",
    "Prix": "3,08 EUR",
    "Prix à l'unité de mesure": "3,08 EUR / kg",
    "Prix à la portion": "0,39 EUR / Portion",
    "DLC garantie au client": "7 jour(s)"
  },
  {
    "Rayon": "Crèmerie Œufs Fromages",
    "Libellé produit": "Yaourt aromatisé vanille bio. pot de 125 g. lot de 4",
    "Marque": "MALO",
    "Code Produit": 237860,
    "Température": "Frais",
    "Conditionnement": "Portion de 125 g. Colis de 24 portions.",
    "Unité de commande": "colis",
    "Prix": "14,67 EUR",
    "Prix à l'unité de mesure": "4,89 EUR / kg",
    "Prix à la portion": "0,61 EUR / Portion",
    "DLC garantie au client": "7 jour(s)"
  },
  {
    "Rayon": "Épicerie",
    "Libellé produit": "Nesquik",
    "Marque": "NESQUIK",
    "Code Produit": 237985,
    "Température": "Ambiant",
    "Conditionnement": "Portion de 13.5 g. Colis de 240 portions.",
    "Unité de commande": "colis",
    "Prix": "71,80 EUR",
    "Prix à l'unité de mesure": "22,16 EUR / kg",
    "Prix à la portion": "0,30 EUR / Portion",
    "DLC garantie au client": "30 jour(s)"
  },
  {
    "Rayon": "Accompagnements Assaisonnement",
    "Libellé produit": "Vinaigre balsamique de. modène igp",
    "Marque": "BORGES",
    "Code Produit": 238106,
    "Température": "Ambiant",
    "Conditionnement": "Par bidon de 5 litre. Colis de 4 bidons.",
    "Unité de commande": "bidon",
    "Prix": "26,63 EUR",
    "Prix à l'unité de mesure": "5,33 EUR / L",
    "Prix à la portion": "106,50 EUR / colis",
    "DLC garantie au client": "30 jour(s)"
  },
  {
    "Rayon": "Poissons Coquillages Crustacés",
    "Libellé produit": "Tourteau cuit irlandais. pasteurisé sous-vide",
    "Marque": "",
    "Code Produit": 238125,
    "Température": "Frais",
    "Conditionnement": "Par pièce de 500 g.",
    "Unité de commande": "pièce",
    "Prix": "8,58 EUR",
    "Prix à l'unité de mesure": "17,15 EUR / kg",
    "Prix à la portion": "",
    "DLC garantie au client": "5 jour(s)"
  },
  {
    "Rayon": "Pâtisserie Biscuiterie Confiserie",
    "Libellé produit": "pain epice tranché",
    "Marque": "VONDELMOLEN",
    "Code Produit": 239316,
    "Température": "Ambiant",
    "Conditionnement": "Par paquet de 500 g. Colis de 12 paquets.",
    "Unité de commande": "paquet",
    "Prix": "1,85 EUR",
    "Prix à l'unité de mesure": "3,70 EUR / kg",
    "Prix à la portion": "22,20 EUR / colis",
    "DLC garantie au client": "30 jour(s)"
  },
  {
    "Rayon": "Viandes Volailles Gibier",
    "Libellé produit": "Filet mignon de porc",
    "Marque": "",
    "Code Produit": 239630,
    "Température": "Surgele",
    "Conditionnement": "Par colis de 5 kg.",
    "Unité de commande": "colis",
    "Prix": "51,60 EUR",
    "Prix à l'unité de mesure": "10,32 EUR / kg",
    "Prix à la portion": "",
    "DLC garantie au client": "30 jour(s)"
  },
  {
    "Rayon": "Boissons",
    "Libellé produit": "Boisson au soja nature UHT",
    "Marque": "SOJASUN",
    "Code Produit": 239779,
    "Température": "Frais",
    "Conditionnement": "Brick de 1 litre. Colis de 8 bricks.",
    "Unité de commande": "colis",
    "Prix": "17,87 EUR",
    "Prix à l'unité de mesure": "2,23 EUR / L",
    "Prix à la portion": "2,23 EUR / brick",
    "DLC garantie au client": "7 jour(s)"
  },
  {
    "Rayon": "Pains Viennoiserie Pâtes",
    "Libellé produit": "Croissant pret à cuire",
    "Marque": "BANQUET D'OR",
    "Code Produit": 239953,
    "Température": "Surgele",
    "Conditionnement": "Portion de 60 g. Colis de 100 portions.",
    "Unité de commande": "colis",
    "Prix": "41,36 EUR",
    "Prix à l'unité de mesure": "6,89 EUR / kg",
    "Prix à la portion": "0,41 EUR / Portion",
    "DLC garantie au client": "30 jour(s)"
  },
  {
    "Rayon": "Poissons Coquillages Crustacés",
    "Libellé produit": "Filet de sardine avec peau",
    "Marque": "",
    "Code Produit": 239971,
    "Température": "Frais",
    "Conditionnement": "Par pièce de 3 kg.",
    "Unité de commande": "pièce",
    "Prix": "27,67 EUR",
    "Prix à l'unité de mesure": "9,22 EUR / kg",
    "Prix à la portion": "",
    "DLC garantie au client": ""
  },
  {
    "Rayon": "Viandes Volailles Gibier",
    "Libellé produit": "Rognon de veau sous graissex1",
    "Marque": "BEAUVALLET NEGOCE",
    "Code Produit": 239995,
    "Température": "Frais",
    "Conditionnement": "Par pièce de 1 kg.",
    "Unité de commande": "pièce",
    "Prix": "5,97 EUR",
    "Prix à l'unité de mesure": "5,97 EUR / kg",
    "Prix à la portion": "",
    "DLC garantie au client": "5 jour(s)"
  },
  {
    "Rayon": "Charcuterie Traiteur",
    "Libellé produit": "Blanc de poulet",
    "Marque": "MADRANGE",
    "Code Produit": 240572,
    "Température": "Frais",
    "Conditionnement": "Portion de 40 g. Sachet de 10 portions.",
    "Unité de commande": "sachet",
    "Prix": "4,61 EUR",
    "Prix à l'unité de mesure": "11,54 EUR / kg",
    "Prix à la portion": "0,46 EUR / Portion",
    "DLC garantie au client": "5 jour(s)"
  },
  {
    "Rayon": "Crèmerie Œufs Fromages",
    "Libellé produit": "Yaourt fruits rouge light&free. allégé 0% mg",
    "Marque": "LIGHT & FREE",
    "Code Produit": 241928,
    "Température": "Frais",
    "Conditionnement": "Lot de 1 kg. Colis de 3 lots. Lot de 8 portions.",
    "Unité de commande": "colis",
    "Prix": "15,77 EUR",
    "Prix à l'unité de mesure": "5,26 EUR / kg",
    "Prix à la portion": "5,26 EUR / lot",
    "DLC garantie au client": "7 jour(s)"
  },
  {
    "Rayon": "Boissons",
    "Libellé produit": "Boisson végétale Soja Alpro",
    "Marque": "ALPRO",
    "Code Produit": 241961,
    "Température": "Frais",
    "Conditionnement": "Brick de 1 litre. Colis de 8 bricks.",
    "Unité de commande": "colis",
    "Prix": "14,66 EUR",
    "Prix à l'unité de mesure": "1,83 EUR / L",
    "Prix à la portion": "1,83 EUR / brick",
    "DLC garantie au client": "7 jour(s)"
  },
  {
    "Rayon": "Boissons",
    "Libellé produit": "Boisson végétale Alpro. noisette",
    "Marque": "ALPRO",
    "Code Produit": 241962,
    "Température": "Frais",
    "Conditionnement": "Bouteille de 1 litre. Colis de 8 bouteilles.",
    "Unité de commande": "colis",
    "Prix": "25,94 EUR",
    "Prix à l'unité de mesure": "3,24 EUR / L",
    "Prix à la portion": "3,24 EUR / bouteille",
    "DLC garantie au client": "7 jour(s)"
  },
  {
    "Rayon": "Boissons",
    "Libellé produit": "Boisson végétale Alpro. d'amandes grillées",
    "Marque": "ALPRO",
    "Code Produit": 241963,
    "Température": "Frais",
    "Conditionnement": "Par brick de 1 litre. Colis de 8 bricks.",
    "Unité de commande": "brick",
    "Prix": "2,90 EUR",
    "Prix à l'unité de mesure": "2,90 EUR / L",
    "Prix à la portion": "23,17 EUR / colis",
    "DLC garantie au client": "7 jour(s)"
  },
  {
    "Rayon": "Crèmerie Œufs Fromages",
    "Libellé produit": "Cantal jeune aop 28% m.g.",
    "Marque": "LA VIE DE CHATEAU",
    "Code Produit": 241966,
    "Température": "Frais",
    "Conditionnement": "Portion de 30 g. Barquette de 24 portions.",
    "Unité de commande": "barquette",
    "Prix": "9,76 EUR",
    "Prix à l'unité de mesure": "13,55 EUR / kg",
    "Prix à la portion": "0,41 EUR / Portion",
    "DLC garantie au client": "7 jour(s)"
  },
  {
    "Rayon": "Crèmerie Œufs Fromages",
    "Libellé produit": "Tomme noire des Pyrénées igp. 28% m.g.",
    "Marque": "LA VIE DE CHATEAU",
    "Code Produit": 241995,
    "Température": "Frais",
    "Conditionnement": "Portion de 30 g. Barquette de 24 portions.",
    "Unité de commande": "barquette",
    "Prix": "10,12 EUR",
    "Prix à l'unité de mesure": "14,05 EUR / kg",
    "Prix à la portion": "0,42 EUR / Portion",
    "DLC garantie au client": "7 jour(s)"
  },
  {
    "Rayon": "Crèmerie Œufs Fromages",
    "Libellé produit": "Tomme blanche 27% m.g.",
    "Marque": "LA VIE DE CHATEAU",
    "Code Produit": 241998,
    "Température": "Frais",
    "Conditionnement": "Portion de 30 g. Barquette de 24 portions.",
    "Unité de commande": "barquette",
    "Prix": "8,44 EUR",
    "Prix à l'unité de mesure": "11,73 EUR / kg",
    "Prix à la portion": "0,35 EUR / Portion",
    "DLC garantie au client": "7 jour(s)"
  },
  {
    "Rayon": "Crèmerie Œufs Fromages",
    "Libellé produit": "Gouda 26% m.g.",
    "Marque": "LA VIE DE CHATEAU",
    "Code Produit": 242001,
    "Température": "Frais",
    "Conditionnement": "Portion de 30 g. Barquette de 24 portions.",
    "Unité de commande": "barquette",
    "Prix": "9,56 EUR",
    "Prix à l'unité de mesure": "13,28 EUR / kg",
    "Prix à la portion": "0,40 EUR / Portion",
    "DLC garantie au client": "7 jour(s)"
  },
  {
    "Rayon": "Crèmerie Œufs Fromages",
    "Libellé produit": "Fromage blanc nature 3% m.g.",
    "Marque": "PAYSAN BRETON",
    "Code Produit": 242026,
    "Température": "Frais",
    "Conditionnement": "Par pot de 1 kg. Colis de 6 pots.",
    "Unité de commande": "pot",
    "Prix": "3,00 EUR",
    "Prix à l'unité de mesure": "3,00 EUR / kg",
    "Prix à la portion": "17,98 EUR / colis",
    "DLC garantie au client": "7 jour(s)"
  },
  {
    "Rayon": "Poissons Coquillages Crustacés",
    "Libellé produit": "Crevette gris moyenne",
    "Marque": "",
    "Code Produit": 242285,
    "Température": "Frais",
    "Conditionnement": "Par barquette de 1 kg.",
    "Unité de commande": "barquette",
    "Prix": "22,34 EUR",
    "Prix à l'unité de mesure": "22,34 EUR / kg",
    "Prix à la portion": "",
    "DLC garantie au client": "2 jour(s)"
  },
  {
    "Rayon": "Poissons Coquillages Crustacés",
    "Libellé produit": "Saumon",
    "Marque": "",
    "Code Produit": 242287,
    "Température": "Frais",
    "Conditionnement": "Par pièce de 5.5 kg.",
    "Unité de commande": "pièce",
    "Prix": "71,38 EUR",
    "Prix à l'unité de mesure": "12,98 EUR / kg",
    "Prix à la portion": "",
    "DLC garantie au client": ""
  },
  {
    "Rayon": "Poissons Coquillages Crustacés",
    "Libellé produit": "Saumon",
    "Marque": "",
    "Code Produit": 242288,
    "Température": "Frais",
    "Conditionnement": "Par pièce de 6.5 kg.",
    "Unité de commande": "pièce",
    "Prix": "84,36 EUR",
    "Prix à l'unité de mesure": "12,98 EUR / kg",
    "Prix à la portion": "",
    "DLC garantie au client": ""
  },
  {
    "Rayon": "Poissons Coquillages Crustacés",
    "Libellé produit": "Filet de morue salée sans peau",
    "Marque": "",
    "Code Produit": 242299,
    "Température": "Frais",
    "Conditionnement": "Par pièce de 5 kg.",
    "Unité de commande": "pièce",
    "Prix": "82,45 EUR",
    "Prix à l'unité de mesure": "16,49 EUR / kg",
    "Prix à la portion": "",
    "DLC garantie au client": "7 jour(s)"
  },
  {
    "Rayon": "Poissons Coquillages Crustacés",
    "Libellé produit": "Noix de saint jacques avec. corail normande décortiquée",
    "Marque": "",
    "Code Produit": 242308,
    "Température": "Frais",
    "Conditionnement": "Par barquette de 2 kg.",
    "Unité de commande": "barquette",
    "Prix": "73,78 EUR",
    "Prix à l'unité de mesure": "36,89 EUR / kg",
    "Prix à la portion": "",
    "DLC garantie au client": "3 jour(s)"
  },
  {
    "Rayon": "Crèmerie Œufs Fromages",
    "Libellé produit": "Cheddar râpé pour Welsh",
    "Marque": "WYKEFARMS",
    "Code Produit": 242526,
    "Température": "Frais",
    "Conditionnement": "Par pièce de 1 kg. Colis de 6 pièces.",
    "Unité de commande": "pièce",
    "Prix": "10,51 EUR",
    "Prix à l'unité de mesure": "10,51 EUR / kg",
    "Prix à la portion": "63,08 EUR / colis",
    "DLC garantie au client": "7 jour(s)"
  },
  {
    "Rayon": "Crèmerie Œufs Fromages",
    "Libellé produit": "Oeuf frais vrac moyen. plein air",
    "Marque": "SERVIS OEUF",
    "Code Produit": 242684,
    "Température": "Frais",
    "Conditionnement": "Portion de 53 g. Colis de 180 portions.",
    "Unité de commande": "colis",
    "Prix": "47,28 EUR",
    "Prix à l'unité de mesure": "4,96 EUR / kg",
    "Prix à la portion": "0,26 EUR / Portion",
    "DLC garantie au client": "7 jour(s)"
  },
  {
    "Rayon": "Crèmerie Œufs Fromages",
    "Libellé produit": "Oeuf plein air moyen",
    "Marque": "SERVIS OEUF",
    "Code Produit": 242686,
    "Température": "Frais",
    "Conditionnement": "Portion de 53 g. Colis de 90 portions.",
    "Unité de commande": "colis",
    "Prix": "23,34 EUR",
    "Prix à l'unité de mesure": "4,89 EUR / kg",
    "Prix à la portion": "0,26 EUR / Portion",
    "DLC garantie au client": "7 jour(s)"
  },
  {
    "Rayon": "Crèmerie Œufs Fromages",
    "Libellé produit": "Yaourt sur lit de mûre",
    "Marque": "SAVEUR D'AUTREFOIS",
    "Code Produit": 242713,
    "Température": "Frais",
    "Conditionnement": "Pot de 140 g. Colis de 6 pots.",
    "Unité de commande": "colis",
    "Prix": "8,28 EUR",
    "Prix à l'unité de mesure": "9,86 EUR / kg",
    "Prix à la portion": "1,38 EUR / pot",
    "DLC garantie au client": "7 jour(s)"
  },
  {
    "Rayon": "Crèmerie Œufs Fromages",
    "Libellé produit": "Yaourt sucré à la vanille. pot en verre de 140 g",
    "Marque": "SAVEUR D'AUTREFOIS",
    "Code Produit": 242714,
    "Température": "Frais",
    "Conditionnement": "Pot de 140 g. Colis de 6 pots.",
    "Unité de commande": "colis",
    "Prix": "6,73 EUR",
    "Prix à l'unité de mesure": "8,01 EUR / kg",
    "Prix à la portion": "1,12 EUR / pot",
    "DLC garantie au client": "7 jour(s)"
  },
  {
    "Rayon": "Crèmerie Œufs Fromages",
    "Libellé produit": "Yaourt sur lit de fraise",
    "Marque": "SAVEUR D'AUTREFOIS",
    "Code Produit": 242717,
    "Température": "Frais",
    "Conditionnement": "Pot de 140 g. Colis de 6 pots.",
    "Unité de commande": "colis",
    "Prix": "6,64 EUR",
    "Prix à l'unité de mesure": "7,90 EUR / kg",
    "Prix à la portion": "1,11 EUR / pot",
    "DLC garantie au client": "7 jour(s)"
  },
  {
    "Rayon": "Crèmerie Œufs Fromages",
    "Libellé produit": "Yaourt sucré au citron. pot en verre de 140 g",
    "Marque": "SAVEUR D'AUTREFOIS",
    "Code Produit": 242720,
    "Température": "Frais",
    "Conditionnement": "Pot de 140 g. Colis de 6 pots.",
    "Unité de commande": "colis",
    "Prix": "7,64 EUR",
    "Prix à l'unité de mesure": "9,09 EUR / kg",
    "Prix à la portion": "1,27 EUR / pot",
    "DLC garantie au client": "7 jour(s)"
  },
  {
    "Rayon": "Crèmerie Œufs Fromages",
    "Libellé produit": "Fromage blanc 2.8% m.g.",
    "Marque": "ALSACE LAIT",
    "Code Produit": 242741,
    "Température": "Frais",
    "Conditionnement": "Plaque de 400 g. Colis de 6 plaques. Plaque de 4 portions.",
    "Unité de commande": "colis",
    "Prix": "6,34 EUR",
    "Prix à l'unité de mesure": "2,64 EUR / kg",
    "Prix à la portion": "1,06 EUR / plaque",
    "DLC garantie au client": "7 jour(s)"
  },
  {
    "Rayon": "Crèmerie Œufs Fromages",
    "Libellé produit": "Fromage blanc nature 3% m.g.",
    "Marque": "JOCKEY DANONE",
    "Code Produit": 242758,
    "Température": "Frais",
    "Conditionnement": "Portion de 100 g. Plaque de 8 portions.",
    "Unité de commande": "plaque",
    "Prix": "3,50 EUR",
    "Prix à l'unité de mesure": "4,37 EUR / kg",
    "Prix à la portion": "0,44 EUR / Portion",
    "DLC garantie au client": "7 jour(s)"
  },
  {
    "Rayon": "Charcuterie Traiteur",
    "Libellé produit": "Jambon serrano désossé STG. 9 mois de sèche",
    "Marque": "SANCHEZ ALCARAZ",
    "Code Produit": 242841,
    "Température": "Frais",
    "Conditionnement": "Par pièce de 5 kg. Colis de 2 pièces.",
    "Unité de commande": "pièce",
    "Prix": "63,66 EUR",
    "Prix à l'unité de mesure": "12,73 EUR / kg",
    "Prix à la portion": "127,32 EUR / colis",
    "DLC garantie au client": "7 jour(s)"
  },
  {
    "Rayon": "Charcuterie Traiteur",
    "Libellé produit": "Chorizo cular fort",
    "Marque": "SANCHEZ ALCARAZ",
    "Code Produit": 242842,
    "Température": "Frais",
    "Conditionnement": "Par pièce de 1.8 kg. Colis de 4 pièces.",
    "Unité de commande": "pièce",
    "Prix": "17,85 EUR",
    "Prix à l'unité de mesure": "9,91 EUR / kg",
    "Prix à la portion": "71,38 EUR / colis",
    "DLC garantie au client": "7 jour(s)"
  },
  {
    "Rayon": "Charcuterie Traiteur",
    "Libellé produit": "Jambon serrano 32 tranches. avec intercalaires",
    "Marque": "SANCHEZ ALCARAZ",
    "Code Produit": 242846,
    "Température": "Frais",
    "Conditionnement": "Par barquette de 500 g. Colis de 10 barquettes.",
    "Unité de commande": "barquette",
    "Prix": "7,95 EUR",
    "Prix à l'unité de mesure": "15,89 EUR / kg",
    "Prix à la portion": "79,46 EUR / colis",
    "DLC garantie au client": "7 jour(s)"
  },
  {
    "Rayon": "Charcuterie Traiteur",
    "Libellé produit": "Véritable andouillette de. troyes 5a",
    "Marque": "GILBERT LEMELLE",
    "Code Produit": 242963,
    "Température": "Frais",
    "Conditionnement": "Portion de 190 g. Sachet de 4 portions.",
    "Unité de commande": "sachet",
    "Prix": "15,45 EUR",
    "Prix à l'unité de mesure": "20,33 EUR / kg",
    "Prix à la portion": "3,86 EUR / Portion",
    "DLC garantie au client": "7 jour(s)"
  },
  {
    "Rayon": "Boissons",
    "Libellé produit": "Citronnade",
    "Marque": "ANDROS",
    "Code Produit": 243515,
    "Température": "Frais",
    "Conditionnement": "Bouteille de 338 ml. Colis de 6 bouteilles.",
    "Unité de commande": "colis",
    "Prix": "7,90 EUR",
    "Prix à l'unité de mesure": "3,90 EUR / L",
    "Prix à la portion": "1,32 EUR / bouteille",
    "DLC garantie au client": "7 jour(s)"
  },
  {
    "Rayon": "Boissons",
    "Libellé produit": "Jus orange préssée",
    "Marque": "ANDROS",
    "Code Produit": 243639,
    "Température": "Frais",
    "Conditionnement": "Par bag in box de 10 litre.",
    "Unité de commande": "bag in box",
    "Prix": "37,07 EUR",
    "Prix à l'unité de mesure": "3,71 EUR / L",
    "Prix à la portion": "",
    "DLC garantie au client": "7 jour(s)"
  },
  {
    "Rayon": "Charcuterie Traiteur",
    "Libellé produit": "Jambon cuit standard. découenné dégraissé. 20 tranches",
    "Marque": "",
    "Code Produit": 243696,
    "Température": "Frais",
    "Conditionnement": "Barquette de 800 g. Colis de 8 barquettes. Barquette de 20 portions.",
    "Unité de commande": "colis",
    "Prix": "43,21 EUR",
    "Prix à l'unité de mesure": "6,75 EUR / kg",
    "Prix à la portion": "5,40 EUR / barquette",
    "DLC garantie au client": "7 jour(s)"
  },
  {
    "Rayon": "Charcuterie Traiteur",
    "Libellé produit": "Jambon sec pays. 5 mois",
    "Marque": "",
    "Code Produit": 244093,
    "Température": "Frais",
    "Conditionnement": "Par pièce de 5.7 kg. Colis de 2 pièces.",
    "Unité de commande": "pièce",
    "Prix": "65,13 EUR",
    "Prix à l'unité de mesure": "11,43 EUR / kg",
    "Prix à la portion": "130,27 EUR / colis",
    "DLC garantie au client": "7 jour(s)"
  },
  {
    "Rayon": "Charcuterie Traiteur",
    "Libellé produit": "Saucisse petit déjeuner. précuite. pièce de 25 g",
    "Marque": "CHARLES KELLER",
    "Code Produit": 244190,
    "Température": "Frais",
    "Conditionnement": "Portion de 25 g. Paquet de 40 portions.",
    "Unité de commande": "paquet",
    "Prix": "9,23 EUR",
    "Prix à l'unité de mesure": "9,23 EUR / kg",
    "Prix à la portion": "0,23 EUR / Portion",
    "DLC garantie au client": "7 jour(s)"
  },
  {
    "Rayon": "Charcuterie Traiteur",
    "Libellé produit": "Escalope de foie gras de. canard France. pièce de 40/60 g",
    "Marque": "PIERRE FOSSAT",
    "Code Produit": 244342,
    "Température": "Surgele",
    "Conditionnement": "Par poche de 1 kg. Colis de 5 poches.",
    "Unité de commande": "poche",
    "Prix": "55,49 EUR",
    "Prix à l'unité de mesure": "55,49 EUR / kg",
    "Prix à la portion": "277,44 EUR / colis",
    "DLC garantie au client": "60 jour(s)"
  },
  {
    "Rayon": "Viandes Volailles Gibier",
    "Libellé produit": "Bavette aloyau boeuf",
    "Marque": "",
    "Code Produit": 244410,
    "Température": "Surgele",
    "Conditionnement": "Portion de 175 g. Colis de 30 portions.",
    "Unité de commande": "colis",
    "Prix": "99,14 EUR",
    "Prix à l'unité de mesure": "18,88 EUR / kg",
    "Prix à la portion": "3,30 EUR / Portion",
    "DLC garantie au client": "30 jour(s)"
  },
  {
    "Rayon": "Accompagnements Assaisonnement",
    "Libellé produit": "Champignons de Paris émincés. gourmands",
    "Marque": "BONDUELLE FOOD SERVICE",
    "Code Produit": 244630,
    "Température": "Surgele",
    "Conditionnement": "Par sachet de 2.5 kg. Colis de 4 sachets.",
    "Unité de commande": "sachet",
    "Prix": "8,82 EUR",
    "Prix à l'unité de mesure": "3,53 EUR / kg",
    "Prix à la portion": "35,27 EUR / colis",
    "DLC garantie au client": "30 jour(s)"
  },
  {
    "Rayon": "Charcuterie Traiteur",
    "Libellé produit": "Tortelloni ricotta spinaci",
    "Marque": "HILCONA",
    "Code Produit": 244669,
    "Température": "Surgele",
    "Conditionnement": "Sachet de 2 kg. Colis de 2 sachets.",
    "Unité de commande": "colis",
    "Prix": "29,04 EUR",
    "Prix à l'unité de mesure": "7,26 EUR / kg",
    "Prix à la portion": "14,52 EUR / sachet",
    "DLC garantie au client": "30 jour(s)"
  },
  {
    "Rayon": "Viandes Volailles Gibier",
    "Libellé produit": "Aiguillette de poulet cru ue",
    "Marque": "",
    "Code Produit": 244680,
    "Température": "Surgele",
    "Conditionnement": "Par sachet de 1 kg. Colis de 10 sachets.",
    "Unité de commande": "sachet",
    "Prix": "7,14 EUR",
    "Prix à l'unité de mesure": "7,14 EUR / kg",
    "Prix à la portion": "71,43 EUR / colis",
    "DLC garantie au client": "30 jour(s)"
  },
  {
    "Rayon": "Viandes Volailles Gibier",
    "Libellé produit": "Steak haché 15% m.g.. façon bouchère rond vbf",
    "Marque": "",
    "Code Produit": 244966,
    "Température": "Surgele",
    "Conditionnement": "Portion de 150 g. Colis de 40 portions.",
    "Unité de commande": "colis",
    "Prix": "72,56 EUR",
    "Prix à l'unité de mesure": "12,09 EUR / kg",
    "Prix à la portion": "1,81 EUR / Portion",
    "DLC garantie au client": "30 jour(s)"
  },
  {
    "Rayon": "Poissons Coquillages Crustacés",
    "Libellé produit": "Encornet tube",
    "Marque": "",
    "Code Produit": 244983,
    "Température": "Surgele",
    "Conditionnement": "Par sachet de 1 kg. Colis de 6 sachets.",
    "Unité de commande": "sachet",
    "Prix": "9,47 EUR",
    "Prix à l'unité de mesure": "9,47 EUR / kg",
    "Prix à la portion": "56,81 EUR / colis",
    "DLC garantie au client": "30 jour(s)"
  },
  {
    "Rayon": "Charcuterie Traiteur",
    "Libellé produit": "Bacon crispy tranche",
    "Marque": "EUROPA CUISSON",
    "Code Produit": 245099,
    "Température": "Surgele",
    "Conditionnement": "Par sachet de 500 g. Colis de 6 sachets.",
    "Unité de commande": "sachet",
    "Prix": "8,45 EUR",
    "Prix à l'unité de mesure": "16,91 EUR / kg",
    "Prix à la portion": "50,72 EUR / colis",
    "DLC garantie au client": "30 jour(s)"
  },
  {
    "Rayon": "Viandes Volailles Gibier",
    "Libellé produit": "èmincé de filet poulet halal. cuit et roti tranché 9.5mm. iqf",
    "Marque": "VOLATYS",
    "Code Produit": 245202,
    "Température": "Surgele",
    "Conditionnement": "Sachet de 1 kg. Colis de 5 sachets.",
    "Unité de commande": "colis",
    "Prix": "46,23 EUR",
    "Prix à l'unité de mesure": "9,25 EUR / kg",
    "Prix à la portion": "9,25 EUR / sachet",
    "DLC garantie au client": "30 jour(s)"
  },
  {
    "Rayon": "Viandes Volailles Gibier",
    "Libellé produit": "èmincé de filet poulet halal. cuit et roti tranché 5mm. iqf",
    "Marque": "GASTRONOME",
    "Code Produit": 245397,
    "Température": "Surgele",
    "Conditionnement": "Sachet de 1 kg. Colis de 4 sachets.",
    "Unité de commande": "colis",
    "Prix": "39,88 EUR",
    "Prix à l'unité de mesure": "9,97 EUR / kg",
    "Prix à la portion": "9,97 EUR / sachet",
    "DLC garantie au client": "30 jour(s)"
  },
  {
    "Rayon": "Épicerie",
    "Libellé produit": "Café grains grand arôme. 100 % arabica",
    "Marque": "",
    "Code Produit": 247254,
    "Température": "Ambiant",
    "Conditionnement": "Par paquet de 1 kg. Colis de 6 paquets.",
    "Unité de commande": "paquet",
    "Prix": "12,81 EUR",
    "Prix à l'unité de mesure": "12,81 EUR / kg",
    "Prix à la portion": "76,84 EUR / colis",
    "DLC garantie au client": "30 jour(s)"
  },
  {
    "Rayon": "Pâtisserie Biscuiterie Confiserie",
    "Libellé produit": "Chocolat de couverture noir. 71.7% bio",
    "Marque": "CACAO BARRY",
    "Code Produit": 247492,
    "Température": "Ambiant",
    "Conditionnement": "Par sac de 2.5 kg. Colis de 4 sacs.",
    "Unité de commande": "sac",
    "Prix": "71,39 EUR",
    "Prix à l'unité de mesure": "28,56 EUR / kg",
    "Prix à la portion": "285,55 EUR / colis",
    "DLC garantie au client": "30 jour(s)"
  },
  {
    "Rayon": "Épicerie",
    "Libellé produit": "Cranberrie entière séchée",
    "Marque": "OLYMPFRUITS",
    "Code Produit": 247493,
    "Température": "Ambiant",
    "Conditionnement": "Par sachet de 1 kg. Colis de 10 sachets.",
    "Unité de commande": "sachet",
    "Prix": "8,91 EUR",
    "Prix à l'unité de mesure": "8,91 EUR / kg",
    "Prix à la portion": "89,10 EUR / colis",
    "DLC garantie au client": "30 jour(s)"
  },
  {
    "Rayon": "Pains Viennoiserie Pâtes",
    "Libellé produit": "Demi-baguette précuite 28 cm",
    "Marque": "NEUHAUSER",
    "Code Produit": 247674,
    "Température": "Surgele",
    "Conditionnement": "Portion de 140 g. Colis de 70 portions.",
    "Unité de commande": "colis",
    "Prix": "25,67 EUR",
    "Prix à l'unité de mesure": "2,62 EUR / kg",
    "Prix à la portion": "0,37 EUR / Portion",
    "DLC garantie au client": "30 jour(s)"
  },
  {
    "Rayon": "Épicerie",
    "Libellé produit": "Confiture de myrtilles. sauvages",
    "Marque": "BONNE MAMAN",
    "Code Produit": 247684,
    "Température": "Ambiant",
    "Conditionnement": "Bocal de 370 g. Colis de 6 bocaux.",
    "Unité de commande": "colis",
    "Prix": "20,87 EUR",
    "Prix à l'unité de mesure": "9,40 EUR / kg",
    "Prix à la portion": "3,48 EUR / bocal",
    "DLC garantie au client": "30 jour(s)"
  },
  {
    "Rayon": "Pains Viennoiserie Pâtes",
    "Libellé produit": "Baguette de caractère. précuite sur sole",
    "Marque": "BRIDOR",
    "Code Produit": 248568,
    "Température": "Surgele",
    "Conditionnement": "Portion de 280 g. Colis de 22 portions.",
    "Unité de commande": "colis",
    "Prix": "19,25 EUR",
    "Prix à l'unité de mesure": "3,13 EUR / kg",
    "Prix à la portion": "0,88 EUR / Portion",
    "DLC garantie au client": "30 jour(s)"
  },
  {
    "Rayon": "Pâtisserie Biscuiterie Confiserie",
    "Libellé produit": "Mini madeleine pur beurre",
    "Marque": "",
    "Code Produit": 248605,
    "Température": "Surgele",
    "Conditionnement": "Portion de 18 g. Colis de 140 portions.",
    "Unité de commande": "colis",
    "Prix": "35,50 EUR",
    "Prix à l'unité de mesure": "14,09 EUR / kg",
    "Prix à la portion": "0,25 EUR / Portion",
    "DLC garantie au client": "30 jour(s)"
  },
  {
    "Rayon": "Pains Viennoiserie Pâtes",
    "Libellé produit": "Graines de courge",
    "Marque": "OLYMPFRUITS",
    "Code Produit": 248622,
    "Température": "Ambiant",
    "Conditionnement": "Par sachet de 1 kg. Colis de 10 sachets.",
    "Unité de commande": "sachet",
    "Prix": "8,43 EUR",
    "Prix à l'unité de mesure": "8,43 EUR / kg",
    "Prix à la portion": "84,28 EUR / colis",
    "DLC garantie au client": "30 jour(s)"
  },
  {
    "Rayon": "Pains Viennoiserie Pâtes",
    "Libellé produit": "Pain losange nature",
    "Marque": "",
    "Code Produit": 248700,
    "Température": "Surgele",
    "Conditionnement": "Portion de 57 g. Colis de 120 portions.",
    "Unité de commande": "colis",
    "Prix": "14,43 EUR",
    "Prix à l'unité de mesure": "2,11 EUR / kg",
    "Prix à la portion": "0,12 EUR / Portion",
    "DLC garantie au client": "30 jour(s)"
  },
  {
    "Rayon": "Crèmerie Œufs Fromages",
    "Libellé produit": "Beurre aop doux la conviette. pièce de 15g",
    "Marque": "LA VIETTE",
    "Code Produit": 249370,
    "Température": "Frais",
    "Conditionnement": "Portion de 15 g. Plateau de 30 portions.",
    "Unité de commande": "plateau",
    "Prix": "7,77 EUR",
    "Prix à l'unité de mesure": "17,27 EUR / kg",
    "Prix à la portion": "0,26 EUR / Portion",
    "DLC garantie au client": "7 jour(s)"
  },
  {
    "Rayon": "Crèmerie Œufs Fromages",
    "Libellé produit": "Beurre demi sel la conviette. aop",
    "Marque": "LA VIETTE",
    "Code Produit": 249371,
    "Température": "Frais",
    "Conditionnement": "Portion de 15 g. Plateau de 30 portions.",
    "Unité de commande": "plateau",
    "Prix": "7,77 EUR",
    "Prix à l'unité de mesure": "17,27 EUR / kg",
    "Prix à la portion": "0,26 EUR / Portion",
    "DLC garantie au client": "7 jour(s)"
  },
  {
    "Rayon": "Desserts Glaces",
    "Libellé produit": "Dessert fruitier à la pomme. et à la fraise",
    "Marque": "ANDROS",
    "Code Produit": 249386,
    "Température": "Frais",
    "Conditionnement": "Portion de 100 g. Colis de 24 portions.",
    "Unité de commande": "colis",
    "Prix": "7,82 EUR",
    "Prix à l'unité de mesure": "3,26 EUR / kg",
    "Prix à la portion": "0,33 EUR / Portion",
    "DLC garantie au client": "5 jour(s)"
  },
  {
    "Rayon": "Boissons",
    "Libellé produit": "Jus d'orange â la carotte et. au citron source de vitamines. a, c et e",
    "Marque": "ANDROS",
    "Code Produit": 249391,
    "Température": "Frais",
    "Conditionnement": "Bouteille de 259 ml. Colis de 6 bouteilles.",
    "Unité de commande": "colis",
    "Prix": "8,03 EUR",
    "Prix à l'unité de mesure": "5,17 EUR / L",
    "Prix à la portion": "1,34 EUR / bouteille",
    "DLC garantie au client": "7 jour(s)"
  },
  {
    "Rayon": "Crèmerie Œufs Fromages",
    "Libellé produit": "Yaourt fruits brassé poire bio",
    "Marque": "LES 2 VACHES",
    "Code Produit": 249405,
    "Température": "Frais",
    "Conditionnement": "Plaque de 460 g. Colis de 4 plaques. Plaque de 4 portions.",
    "Unité de commande": "colis",
    "Prix": "11,97 EUR",
    "Prix à l'unité de mesure": "6,50 EUR / kg",
    "Prix à la portion": "2,99 EUR / plaque",
    "DLC garantie au client": "7 jour(s)"
  },
  {
    "Rayon": "Crèmerie Œufs Fromages",
    "Libellé produit": "Crème liquide supérieure. gastronomique uht 35% m.g.",
    "Marque": "PRESIDENT PRO",
    "Code Produit": 249427,
    "Température": "Frais",
    "Conditionnement": "Brick de 1 litre. Colis de 6 bricks.",
    "Unité de commande": "colis",
    "Prix": "35,88 EUR",
    "Prix à l'unité de mesure": "5,98 EUR / L",
    "Prix à la portion": "5,98 EUR / brick",
    "DLC garantie au client": "7 jour(s)"
  },
  {
    "Rayon": "Crèmerie Œufs Fromages",
    "Libellé produit": "Yaourt fruits myrtille bio. les 2 vaches",
    "Marque": "LES 2 VACHES",
    "Code Produit": 249434,
    "Température": "Frais",
    "Conditionnement": "Plaque de 460 g. Colis de 4 plaques. Plaque de 4 portions.",
    "Unité de commande": "colis",
    "Prix": "10,63 EUR",
    "Prix à l'unité de mesure": "5,78 EUR / kg",
    "Prix à la portion": "2,66 EUR / plaque",
    "DLC garantie au client": "7 jour(s)"
  },
  {
    "Rayon": "Crèmerie Œufs Fromages",
    "Libellé produit": "Yaourt fruits framboise bio. les 2 vaches",
    "Marque": "LES 2 VACHES",
    "Code Produit": 249435,
    "Température": "Frais",
    "Conditionnement": "Plaque de 460 g. Colis de 4 plaques. Plaque de 4 portions.",
    "Unité de commande": "colis",
    "Prix": "10,63 EUR",
    "Prix à l'unité de mesure": "5,78 EUR / kg",
    "Prix à la portion": "2,66 EUR / plaque",
    "DLC garantie au client": "7 jour(s)"
  },
  {
    "Rayon": "Crèmerie Œufs Fromages",
    "Libellé produit": "Yaourt brassé citron bio",
    "Marque": "LES 2 VACHES",
    "Code Produit": 249437,
    "Température": "Frais",
    "Conditionnement": "Plaque de 460 g. Colis de 4 plaques. Plaque de 4 portions.",
    "Unité de commande": "colis",
    "Prix": "11,97 EUR",
    "Prix à l'unité de mesure": "6,50 EUR / kg",
    "Prix à la portion": "2,99 EUR / plaque",
    "DLC garantie au client": "7 jour(s)"
  },
  {
    "Rayon": "Crèmerie Œufs Fromages",
    "Libellé produit": "Yaourt à boire fruits danonino",
    "Marque": "DANONINO",
    "Code Produit": 249439,
    "Température": "Frais",
    "Conditionnement": "Lot de 600 g. Colis de 4 lots. Lot de 6 portions.",
    "Unité de commande": "colis",
    "Prix": "15,27 EUR",
    "Prix à l'unité de mesure": "6,36 EUR / kg",
    "Prix à la portion": "3,82 EUR / lot",
    "DLC garantie au client": "7 jour(s)"
  },
  {
    "Rayon": "Crèmerie Œufs Fromages",
    "Libellé produit": "Fromage blanc nature 3.6% m.g.. bio",
    "Marque": "NOVA",
    "Code Produit": 249516,
    "Température": "Frais",
    "Conditionnement": "Lot de 400 g. Colis de 12 lots. Lot de 4 portions.",
    "Unité de commande": "colis",
    "Prix": "22,31 EUR",
    "Prix à l'unité de mesure": "4,65 EUR / kg",
    "Prix à la portion": "1,86 EUR / lot",
    "DLC garantie au client": "5 jour(s)"
  },
  {
    "Rayon": "Crèmerie Œufs Fromages",
    "Libellé produit": "Yaourt nature velouté brassé. danone",
    "Marque": "DANONE",
    "Code Produit": 249558,
    "Température": "Frais",
    "Conditionnement": "Plaque de 500 g. Colis de 6 plaques. Plaque de 4 portions.",
    "Unité de commande": "colis",
    "Prix": "10,73 EUR",
    "Prix à l'unité de mesure": "3,58 EUR / kg",
    "Prix à la portion": "1,79 EUR / plaque",
    "DLC garantie au client": "7 jour(s)"
  },
  {
    "Rayon": "Crèmerie Œufs Fromages",
    "Libellé produit": "Lait demi écrémé bleu blanc. coeur",
    "Marque": "EN DIRECT ELEVEURS",
    "Code Produit": 249566,
    "Température": "Frais",
    "Conditionnement": "Poche de 1 litre. Colis de 6 poches.",
    "Unité de commande": "colis",
    "Prix": "7,53 EUR",
    "Prix à l'unité de mesure": "1,26 EUR / L",
    "Prix à la portion": "1,26 EUR / poche",
    "DLC garantie au client": "7 jour(s)"
  },
  {
    "Rayon": "Crèmerie Œufs Fromages",
    "Libellé produit": "Tomme blanche 27% m.g.",
    "Marque": "MONTSALVY",
    "Code Produit": 249578,
    "Température": "Frais",
    "Conditionnement": "Par pièce de 2 kg. Colis de 2 pièces.",
    "Unité de commande": "pièce",
    "Prix": "17,14 EUR",
    "Prix à l'unité de mesure": "8,57 EUR / kg",
    "Prix à la portion": "34,28 EUR / colis",
    "DLC garantie au client": "7 jour(s)"
  },
  {
    "Rayon": "Crèmerie Œufs Fromages",
    "Libellé produit": "Yaourt à boire nature actimel",
    "Marque": "ACTIMEL",
    "Code Produit": 249602,
    "Température": "Frais",
    "Conditionnement": "Lot de 1.2 kg. Colis de 2 lots. Lot de 12 portions.",
    "Unité de commande": "colis",
    "Prix": "16,27 EUR",
    "Prix à l'unité de mesure": "6,78 EUR / kg",
    "Prix à la portion": "8,14 EUR / lot",
    "DLC garantie au client": "7 jour(s)"
  },
  {
    "Rayon": "Crèmerie Œufs Fromages",
    "Libellé produit": "Yaourt aux fruits activia. panaché bifidus",
    "Marque": "ACTIVIA",
    "Code Produit": 249603,
    "Température": "Frais",
    "Conditionnement": "Lot de 1 kg. Colis de 3 lots. Lot de 8 portions.",
    "Unité de commande": "colis",
    "Prix": "20,01 EUR",
    "Prix à l'unité de mesure": "6,67 EUR / kg",
    "Prix à la portion": "6,67 EUR / lot",
    "DLC garantie au client": "7 jour(s)"
  },
  {
    "Rayon": "Crèmerie Œufs Fromages",
    "Libellé produit": "Yaourt nature activia 0% m.g.. bifidus",
    "Marque": "ACTIVIA",
    "Code Produit": 249604,
    "Température": "Frais",
    "Conditionnement": "Lot de 1 kg. Colis de 3 lots. Lot de 8 portions.",
    "Unité de commande": "colis",
    "Prix": "14,69 EUR",
    "Prix à l'unité de mesure": "4,90 EUR / kg",
    "Prix à la portion": "4,90 EUR / lot",
    "DLC garantie au client": "7 jour(s)"
  },
  {
    "Rayon": "Crèmerie Œufs Fromages",
    "Libellé produit": "Yaourt nature bifidus activia",
    "Marque": "ACTIVIA",
    "Code Produit": 249605,
    "Température": "Frais",
    "Conditionnement": "Plaque de 500 g. Colis de 6 plaques. Plaque de 4 portions.",
    "Unité de commande": "colis",
    "Prix": "12,91 EUR",
    "Prix à l'unité de mesure": "4,30 EUR / kg",
    "Prix à la portion": "2,15 EUR / plaque",
    "DLC garantie au client": "7 jour(s)"
  },
  {
    "Rayon": "Crèmerie Œufs Fromages",
    "Libellé produit": "Yaourt aromatisé au citron au. bifidus activia",
    "Marque": "ACTIVIA",
    "Code Produit": 249606,
    "Température": "Frais",
    "Conditionnement": "Plaque de 500 g. Colis de 6 plaques. Plaque de 4 portions.",
    "Unité de commande": "colis",
    "Prix": "16,28 EUR",
    "Prix à l'unité de mesure": "5,43 EUR / kg",
    "Prix à la portion": "2,71 EUR / plaque",
    "DLC garantie au client": "7 jour(s)"
  },
  {
    "Rayon": "Crèmerie Œufs Fromages",
    "Libellé produit": "Yaourt aromatisé au coco au. bifidus activia",
    "Marque": "ACTIVIA",
    "Code Produit": 249607,
    "Température": "Frais",
    "Conditionnement": "Plaque de 500 g. Colis de 6 plaques. Plaque de 4 portions.",
    "Unité de commande": "colis",
    "Prix": "16,22 EUR",
    "Prix à l'unité de mesure": "5,41 EUR / kg",
    "Prix à la portion": "2,70 EUR / plaque",
    "DLC garantie au client": "7 jour(s)"
  },
  {
    "Rayon": "Crèmerie Œufs Fromages",
    "Libellé produit": "Yaourt nature bio les 2 vaches",
    "Marque": "LES 2 VACHES",
    "Code Produit": 249620,
    "Température": "Frais",
    "Conditionnement": "Plaque de 460 g. Colis de 4 plaques. Plaque de 4 portions.",
    "Unité de commande": "colis",
    "Prix": "7,89 EUR",
    "Prix à l'unité de mesure": "4,29 EUR / kg",
    "Prix à la portion": "1,97 EUR / plaque",
    "DLC garantie au client": "7 jour(s)"
  },
  {
    "Rayon": "Crèmerie Œufs Fromages",
    "Libellé produit": "Yaourt brassé vanille bio. les 2 vaches",
    "Marque": "LES 2 VACHES",
    "Code Produit": 249622,
    "Température": "Frais",
    "Conditionnement": "Plaque de 460 g. Colis de 4 plaques. Plaque de 4 portions.",
    "Unité de commande": "colis",
    "Prix": "8,74 EUR",
    "Prix à l'unité de mesure": "4,75 EUR / kg",
    "Prix à la portion": "2,19 EUR / plaque",
    "DLC garantie au client": "5 jour(s)"
  },
  {
    "Rayon": "Crèmerie Œufs Fromages",
    "Libellé produit": "Mimolette tranchette",
    "Marque": "CENTURION",
    "Code Produit": 249651,
    "Température": "Frais",
    "Conditionnement": "Par barquette de 500 g. Colis de 12 barquettes.",
    "Unité de commande": "barquette",
    "Prix": "6,57 EUR",
    "Prix à l'unité de mesure": "13,14 EUR / kg",
    "Prix à la portion": "78,82 EUR / colis",
    "DLC garantie au client": "7 jour(s)"
  },
  {
    "Rayon": "Charcuterie Traiteur",
    "Libellé produit": "Jambon sec supérieur VPF",
    "Marque": "AOSTE PRO",
    "Code Produit": 249821,
    "Température": "Frais",
    "Conditionnement": "Portion de 16 g. Barquette de 20 portions.",
    "Unité de commande": "barquette",
    "Prix": "8,48 EUR",
    "Prix à l'unité de mesure": "26,51 EUR / kg",
    "Prix à la portion": "0,42 EUR / Portion",
    "DLC garantie au client": "7 jour(s)"
  },
  {
    "Rayon": "Desserts Glaces",
    "Libellé produit": "Compotée de pomme à la vanille. naturelle",
    "Marque": "BONNE MAMAN",
    "Code Produit": 249840,
    "Température": "Frais",
    "Conditionnement": "Lot de 260 g. Colis de 6 lots. Lot de 2 portions.",
    "Unité de commande": "colis",
    "Prix": "14,42 EUR",
    "Prix à l'unité de mesure": "9,25 EUR / kg",
    "Prix à la portion": "2,40 EUR / lot",
    "DLC garantie au client": "5 jour(s)"
  },
  {
    "Rayon": "Desserts Glaces",
    "Libellé produit": "Compotée de pommes à la peche. et abricot délicate verveine",
    "Marque": "BONNE MAMAN",
    "Code Produit": 249849,
    "Température": "Frais",
    "Conditionnement": "Lot de 260 g. Colis de 6 lots. Lot de 2 portions.",
    "Unité de commande": "colis",
    "Prix": "16,55 EUR",
    "Prix à l'unité de mesure": "10,61 EUR / kg",
    "Prix à la portion": "2,76 EUR / lot",
    "DLC garantie au client": "5 jour(s)"
  },
  {
    "Rayon": "Desserts Glaces",
    "Libellé produit": "Compotée de pommes à la fraise. et framboises subtile fleur de. sureau",
    "Marque": "BONNE MAMAN",
    "Code Produit": 249850,
    "Température": "Frais",
    "Conditionnement": "Lot de 260 g. Colis de 6 lots. Lot de 2 portions.",
    "Unité de commande": "colis",
    "Prix": "17,39 EUR",
    "Prix à l'unité de mesure": "11,15 EUR / kg",
    "Prix à la portion": "2,90 EUR / lot",
    "DLC garantie au client": "5 jour(s)"
  },
  {
    "Rayon": "Boissons",
    "Libellé produit": "Cristaline gazeuse",
    "Marque": "CRISTALINE",
    "Code Produit": 251140,
    "Température": "Ambiant",
    "Conditionnement": "Portion de 500 ml. Colis de 24 portions.",
    "Unité de commande": "colis",
    "Prix": "5,72 EUR",
    "Prix à l'unité de mesure": "0,48 EUR / L",
    "Prix à la portion": "0,24 EUR / Portion",
    "DLC garantie au client": "30 jour(s)"
  },
  {
    "Rayon": "Épicerie",
    "Libellé produit": "Thé vert menthe 100 sachets. fraicheur",
    "Marque": "LIPTON",
    "Code Produit": 251713,
    "Température": "Ambiant",
    "Conditionnement": "Portion de 1.6 g. Boite de 100 portions.",
    "Unité de commande": "boite",
    "Prix": "9,43 EUR",
    "Prix à l'unité de mesure": "58,91 EUR / kg",
    "Prix à la portion": "0,09 EUR / Portion",
    "DLC garantie au client": "30 jour(s)"
  },
  {
    "Rayon": "Charcuterie Traiteur",
    "Libellé produit": "Mini tartelette salee ronde. tomate basilic, diametre 4.2cm",
    "Marque": "HUG",
    "Code Produit": 251957,
    "Température": "Ambiant",
    "Conditionnement": "Portion de 6.3 g. Colis de 160 portions.",
    "Unité de commande": "colis",
    "Prix": "40,47 EUR",
    "Prix à l'unité de mesure": "40,15 EUR / kg",
    "Prix à la portion": "0,25 EUR / Portion",
    "DLC garantie au client": "30 jour(s)"
  },
  {
    "Rayon": "Charcuterie Traiteur",
    "Libellé produit": "Mini tartellette salée ronde. olive et romarin",
    "Marque": "HUG",
    "Code Produit": 251958,
    "Température": "Ambiant",
    "Conditionnement": "Portion de 6.4 g. Colis de 160 portions.",
    "Unité de commande": "colis",
    "Prix": "41,48 EUR",
    "Prix à l'unité de mesure": "40,51 EUR / kg",
    "Prix à la portion": "0,26 EUR / Portion",
    "DLC garantie au client": "30 jour(s)"
  },
  {
    "Rayon": "Pains Viennoiserie Pâtes",
    "Libellé produit": "Brioche tranchée pur beurre",
    "Marque": "HARRYS FOOD SERVICE",
    "Code Produit": 251966,
    "Température": "Ambiant",
    "Conditionnement": "Par paquet de 500 g. Colis de 7 paquets.",
    "Unité de commande": "paquet",
    "Prix": "3,75 EUR",
    "Prix à l'unité de mesure": "7,50 EUR / kg",
    "Prix à la portion": "26,25 EUR / colis",
    "DLC garantie au client": "7 jour(s)"
  },
  {
    "Rayon": "Pâtisserie Biscuiterie Confiserie",
    "Libellé produit": "Madeleine sans gluten",
    "Marque": "GERBLE",
    "Code Produit": 252283,
    "Température": "Ambiant",
    "Conditionnement": "Portion de 30 g. Colis de 30 portions.",
    "Unité de commande": "colis",
    "Prix": "14,93 EUR",
    "Prix à l'unité de mesure": "16,58 EUR / kg",
    "Prix à la portion": "0,50 EUR / Portion",
    "DLC garantie au client": "30 jour(s)"
  },
  {
    "Rayon": "Desserts Glaces",
    "Libellé produit": "Compote de pomme bio. allégées en sucres",
    "Marque": "CHARLES & ALICE",
    "Code Produit": 252330,
    "Température": "Ambiant",
    "Conditionnement": "Portion de 100 g. Colis de 120 portions.",
    "Unité de commande": "colis",
    "Prix": "38,18 EUR",
    "Prix à l'unité de mesure": "3,18 EUR / kg",
    "Prix à la portion": "0,32 EUR / Portion",
    "DLC garantie au client": "30 jour(s)"
  },
  {
    "Rayon": "Épicerie",
    "Libellé produit": "Confiture intense orange amère",
    "Marque": "BONNE MAMAN",
    "Code Produit": 252343,
    "Température": "Ambiant",
    "Conditionnement": "Pot de 335 g. Colis de 6 pots.",
    "Unité de commande": "colis",
    "Prix": "13,69 EUR",
    "Prix à l'unité de mesure": "6,81 EUR / kg",
    "Prix à la portion": "2,28 EUR / pot",
    "DLC garantie au client": "30 jour(s)"
  },
  {
    "Rayon": "Épicerie",
    "Libellé produit": "Confiture intense à l'abricot",
    "Marque": "BONNE MAMAN",
    "Code Produit": 252344,
    "Température": "Ambiant",
    "Conditionnement": "Par pot de 335 g. Colis de 6 pots.",
    "Unité de commande": "pot",
    "Prix": "2,83 EUR",
    "Prix à l'unité de mesure": "8,45 EUR / kg",
    "Prix à la portion": "16,97 EUR / colis",
    "DLC garantie au client": "30 jour(s)"
  },
  {
    "Rayon": "Épicerie",
    "Libellé produit": "Confiture intense fraise",
    "Marque": "BONNE MAMAN",
    "Code Produit": 252345,
    "Température": "Ambiant",
    "Conditionnement": "Par pot de 335 g. Colis de 6 pots.",
    "Unité de commande": "pot",
    "Prix": "2,69 EUR",
    "Prix à l'unité de mesure": "8,02 EUR / kg",
    "Prix à la portion": "16,11 EUR / colis",
    "DLC garantie au client": "30 jour(s)"
  },
  {
    "Rayon": "Pâtisserie Biscuiterie Confiserie",
    "Libellé produit": "Quatre-quarts professionel",
    "Marque": "KER CADELAC",
    "Code Produit": 252465,
    "Température": "Ambiant",
    "Conditionnement": "Par pièce de 800 g. Colis de 8 pièces.",
    "Unité de commande": "pièce",
    "Prix": "6,45 EUR",
    "Prix à l'unité de mesure": "8,06 EUR / kg",
    "Prix à la portion": "51,60 EUR / colis",
    "DLC garantie au client": "7 jour(s)"
  },
  {
    "Rayon": "Épicerie",
    "Libellé produit": "Thé noir earl grey excellence. bio",
    "Marque": "BARONNY'S",
    "Code Produit": 252682,
    "Température": "Ambiant",
    "Conditionnement": "Portion de 2 g. Boite de 25 portions.",
    "Unité de commande": "boite",
    "Prix": "5,32 EUR",
    "Prix à l'unité de mesure": "106,32 EUR / kg",
    "Prix à la portion": "0,21 EUR / Portion",
    "DLC garantie au client": "30 jour(s)"
  },
  {
    "Rayon": "Épicerie",
    "Libellé produit": "Thé vert sencha excellence bio",
    "Marque": "BARONNY'S",
    "Code Produit": 252683,
    "Température": "Ambiant",
    "Conditionnement": "Portion de 2 g. Boite de 25 portions.",
    "Unité de commande": "boite",
    "Prix": "5,25 EUR",
    "Prix à l'unité de mesure": "104,90 EUR / kg",
    "Prix à la portion": "0,21 EUR / Portion",
    "DLC garantie au client": "30 jour(s)"
  },
  {
    "Rayon": "Épicerie",
    "Libellé produit": "Miel de fleurs liquide. bio",
    "Marque": "LUNE DE MIEL",
    "Code Produit": 252691,
    "Température": "Ambiant",
    "Conditionnement": "Portion de 15 g. Colis de 180 portions.",
    "Unité de commande": "colis",
    "Prix": "31,66 EUR",
    "Prix à l'unité de mesure": "11,72 EUR / kg",
    "Prix à la portion": "0,18 EUR / Portion",
    "DLC garantie au client": "30 jour(s)"
  },
  {
    "Rayon": "Épicerie",
    "Libellé produit": "Biscuit speculoos biscoff. original",
    "Marque": "LOTUS BISCOFF",
    "Code Produit": 253008,
    "Température": "Ambiant",
    "Conditionnement": "Portion de 6.25 g. Colis de 400 portions.",
    "Unité de commande": "colis",
    "Prix": "21,63 EUR",
    "Prix à l'unité de mesure": "8,65 EUR / kg",
    "Prix à la portion": "0,05 EUR / Portion",
    "DLC garantie au client": "30 jour(s)"
  },
  {
    "Rayon": "Boissons",
    "Libellé produit": "Eau gazeuse Badoit verte. finement pétillante. pet",
    "Marque": "BADOIT",
    "Code Produit": 254078,
    "Température": "Ambiant",
    "Conditionnement": "Bouteille de 1 litre. Colis de 6 bouteilles.",
    "Unité de commande": "colis",
    "Prix": "8,42 EUR",
    "Prix à l'unité de mesure": "1,40 EUR / L",
    "Prix à la portion": "1,40 EUR / bouteille",
    "DLC garantie au client": "30 jour(s)"
  },
  {
    "Rayon": "Boissons",
    "Libellé produit": "San pellegrino",
    "Marque": "SAN PELLEGRINO",
    "Code Produit": 254638,
    "Température": "Ambiant",
    "Conditionnement": "Portion de 330 ml. Colis de 24 portions.",
    "Unité de commande": "colis",
    "Prix": "21,28 EUR",
    "Prix à l'unité de mesure": "2,69 EUR / L",
    "Prix à la portion": "0,89 EUR / Portion",
    "DLC garantie au client": "30 jour(s)"
  },
  {
    "Rayon": "Boissons",
    "Libellé produit": "Perrier",
    "Marque": "PERRIER",
    "Code Produit": 254639,
    "Température": "Ambiant",
    "Conditionnement": "Portion de 500 ml. Colis de 24 portions.",
    "Unité de commande": "colis",
    "Prix": "23,21 EUR",
    "Prix à l'unité de mesure": "1,93 EUR / L",
    "Prix à la portion": "0,97 EUR / Portion",
    "DLC garantie au client": "30 jour(s)"
  },
  {
    "Rayon": "Pâtisserie Biscuiterie Confiserie",
    "Libellé produit": "Kit kat",
    "Marque": "KIT KAT",
    "Code Produit": 254911,
    "Température": "Ambiant",
    "Conditionnement": "Portion de 41.5 g. Colis de 36 portions.",
    "Unité de commande": "colis",
    "Prix": "28,83 EUR",
    "Prix à l'unité de mesure": "19,29 EUR / kg",
    "Prix à la portion": "0,80 EUR / Portion",
    "DLC garantie au client": "30 jour(s)"
  },
  {
    "Rayon": "Desserts Glaces",
    "Libellé produit": "Compote pomme/abricot bio. allégée en sucres. fruits 100% France",
    "Marque": "CHARLES & ALICE",
    "Code Produit": 255123,
    "Température": "Ambiant",
    "Conditionnement": "Portion de 100 g. Colis de 120 portions.",
    "Unité de commande": "colis",
    "Prix": "42,18 EUR",
    "Prix à l'unité de mesure": "3,52 EUR / kg",
    "Prix à la portion": "0,35 EUR / Portion",
    "DLC garantie au client": "30 jour(s)"
  },
  {
    "Rayon": "Desserts Glaces",
    "Libellé produit": "Assortiment compote 4 parfums. allégées en sucres",
    "Marque": "ST MAMET",
    "Code Produit": 255627,
    "Température": "Ambiant",
    "Conditionnement": "Portion de 100 g. Colis de 120 portions.",
    "Unité de commande": "colis",
    "Prix": "36,35 EUR",
    "Prix à l'unité de mesure": "3,03 EUR / kg",
    "Prix à la portion": "0,30 EUR / Portion",
    "DLC garantie au client": "30 jour(s)"
  },
  {
    "Rayon": "Accompagnements Assaisonnement",
    "Libellé produit": "Huile excellence",
    "Marque": "BORGES",
    "Code Produit": 255692,
    "Température": "Ambiant",
    "Conditionnement": "Par bidon de 7.5 litre. Colis de 2 bidons.",
    "Unité de commande": "bidon",
    "Prix": "20,66 EUR",
    "Prix à l'unité de mesure": "2,76 EUR / L",
    "Prix à la portion": "41,32 EUR / colis",
    "DLC garantie au client": "30 jour(s)"
  },
  {
    "Rayon": "Boissons",
    "Libellé produit": "Lipton Ice Tea peche",
    "Marque": "LIPTON",
    "Code Produit": 255711,
    "Température": "Ambiant",
    "Conditionnement": "Bouteille de 500 ml. Colis de 12 bouteilles.",
    "Unité de commande": "colis",
    "Prix": "16,21 EUR",
    "Prix à l'unité de mesure": "2,70 EUR / L",
    "Prix à la portion": "1,35 EUR / bouteille",
    "DLC garantie au client": "30 jour(s)"
  },
  {
    "Rayon": "Pâtisserie Biscuiterie Confiserie",
    "Libellé produit": "Kinder bueno",
    "Marque": "KINDER",
    "Code Produit": 255721,
    "Température": "Ambiant",
    "Conditionnement": "Pack de 43 g. Colis de 30 packs.",
    "Unité de commande": "colis",
    "Prix": "35,31 EUR",
    "Prix à l'unité de mesure": "27,37 EUR / kg",
    "Prix à la portion": "1,18 EUR / pack",
    "DLC garantie au client": "30 jour(s)"
  },
  {
    "Rayon": "Boissons",
    "Libellé produit": "Schweppes indian tonic",
    "Marque": "SCHWEPPES",
    "Code Produit": 255798,
    "Température": "Ambiant",
    "Conditionnement": "Boite de 330 ml. Colis de 24 boites.",
    "Unité de commande": "colis",
    "Prix": "22,73 EUR",
    "Prix à l'unité de mesure": "2,87 EUR / L",
    "Prix à la portion": "0,95 EUR / boite",
    "DLC garantie au client": "30 jour(s)"
  },
  {
    "Rayon": "Pâtisserie Biscuiterie Confiserie",
    "Libellé produit": "Toblerone barre chocolat. au lait",
    "Marque": "TOBLERONE",
    "Code Produit": 255999,
    "Température": "Ambiant",
    "Conditionnement": "Portion de 50 g. Boite de 24 portions.",
    "Unité de commande": "boite",
    "Prix": "53,54 EUR",
    "Prix à l'unité de mesure": "44,62 EUR / kg",
    "Prix à la portion": "2,23 EUR / Portion",
    "DLC garantie au client": "30 jour(s)"
  },
  {
    "Rayon": "Desserts Glaces",
    "Libellé produit": "Dessert fruitier pomme nature. pot de 100 g",
    "Marque": "ANDROS",
    "Code Produit": 257269,
    "Température": "Frais",
    "Conditionnement": "Portion de 100 g. Colis de 24 portions.",
    "Unité de commande": "colis",
    "Prix": "6,03 EUR",
    "Prix à l'unité de mesure": "2,51 EUR / kg",
    "Prix à la portion": "0,25 EUR / Portion",
    "DLC garantie au client": "5 jour(s)"
  },
  {
    "Rayon": "Crèmerie Œufs Fromages",
    "Libellé produit": "Yaourt nature au lait entier. bio. pot de 100 g",
    "Marque": "NOVA",
    "Code Produit": 257343,
    "Température": "Frais",
    "Conditionnement": "Lot de 400 g. Colis de 6 lots. Lot de 4 portions.",
    "Unité de commande": "colis",
    "Prix": "6,23 EUR",
    "Prix à l'unité de mesure": "2,60 EUR / kg",
    "Prix à la portion": "1,04 EUR / lot",
    "DLC garantie au client": "5 jour(s)"
  },
  {
    "Rayon": "Crèmerie Œufs Fromages",
    "Libellé produit": "Panier de Yoplait panaché",
    "Marque": "PANIER DE YOPLAIT",
    "Code Produit": 257344,
    "Température": "Frais",
    "Conditionnement": "Lot de 500 g. Colis de 12 lots. Lot de 4 portions.",
    "Unité de commande": "colis",
    "Prix": "14,21 EUR",
    "Prix à l'unité de mesure": "2,37 EUR / kg",
    "Prix à la portion": "1,18 EUR / lot",
    "DLC garantie au client": "7 jour(s)"
  },
  {
    "Rayon": "Crèmerie Œufs Fromages",
    "Libellé produit": "Yaourt au sucre de canne bio. Pot de 100 g",
    "Marque": "NOVA",
    "Code Produit": 257345,
    "Température": "Frais",
    "Conditionnement": "Lot de 400 g. Colis de 6 lots. Lot de 4 portions.",
    "Unité de commande": "colis",
    "Prix": "7,16 EUR",
    "Prix à l'unité de mesure": "2,98 EUR / kg",
    "Prix à la portion": "1,19 EUR / lot",
    "DLC garantie au client": "5 jour(s)"
  },
  {
    "Rayon": "Crèmerie Œufs Fromages",
    "Libellé produit": "Yaourt vanille au lait entier. bio. pot de 100 g",
    "Marque": "NOVA",
    "Code Produit": 257346,
    "Température": "Frais",
    "Conditionnement": "Lot de 400 g. Colis de 6 lots. Lot de 4 portions.",
    "Unité de commande": "colis",
    "Prix": "8,57 EUR",
    "Prix à l'unité de mesure": "3,57 EUR / kg",
    "Prix à la portion": "1,43 EUR / lot",
    "DLC garantie au client": "5 jour(s)"
  },
  {
    "Rayon": "Crèmerie Œufs Fromages",
    "Libellé produit": "Yaourt aux fruits mixés bio. Pot de 100 g",
    "Marque": "NOVA",
    "Code Produit": 257348,
    "Température": "Frais",
    "Conditionnement": "Lot de 400 g. Colis de 6 lots. Lot de 4 portions.",
    "Unité de commande": "colis",
    "Prix": "10,05 EUR",
    "Prix à l'unité de mesure": "4,19 EUR / kg",
    "Prix à la portion": "1,68 EUR / lot",
    "DLC garantie au client": "5 jour(s)"
  },
  {
    "Rayon": "Crèmerie Œufs Fromages",
    "Libellé produit": "Yaourt à boire à la fraise. Bouteille de 100 g",
    "Marque": "NOVA",
    "Code Produit": 257353,
    "Température": "Frais",
    "Conditionnement": "Lot de 400 g. Colis de 6 lots. Lot de 4 portions.",
    "Unité de commande": "colis",
    "Prix": "8,65 EUR",
    "Prix à l'unité de mesure": "3,60 EUR / kg",
    "Prix à la portion": "1,44 EUR / lot",
    "DLC garantie au client": "5 jour(s)"
  },
  {
    "Rayon": "Viandes Volailles Gibier",
    "Libellé produit": "Jarret de veau arrière avec os",
    "Marque": "BEAUVALLET RESTAURATION",
    "Code Produit": 257561,
    "Température": "Frais",
    "Conditionnement": "Par poche de 2 kg.",
    "Unité de commande": "poche",
    "Prix": "25,67 EUR",
    "Prix à l'unité de mesure": "12,84 EUR / kg",
    "Prix à la portion": "",
    "DLC garantie au client": "7 jour(s)"
  },
  {
    "Rayon": "Viandes Volailles Gibier",
    "Libellé produit": "Paleron de boeuf semi paré. race limousine",
    "Marque": "BEAUVALLET RESTAURATION",
    "Code Produit": 257602,
    "Température": "Frais",
    "Conditionnement": "Par poche de 2.5 kg.",
    "Unité de commande": "poche",
    "Prix": "35,31 EUR",
    "Prix à l'unité de mesure": "14,12 EUR / kg",
    "Prix à la portion": "",
    "DLC garantie au client": "7 jour(s)"
  },
  {
    "Rayon": "Épicerie",
    "Libellé produit": "Pringles original",
    "Marque": "PRINGLES",
    "Code Produit": 258260,
    "Température": "Ambiant",
    "Conditionnement": "Paquet de 40 g. Colis de 12 paquets.",
    "Unité de commande": "colis",
    "Prix": "14,16 EUR",
    "Prix à l'unité de mesure": "29,50 EUR / kg",
    "Prix à la portion": "1,18 EUR / paquet",
    "DLC garantie au client": "30 jour(s)"
  },
  {
    "Rayon": "Boissons",
    "Libellé produit": "Jus d'orange avec sa pulpe",
    "Marque": "TROPICANA",
    "Code Produit": 261987,
    "Température": "Ambiant",
    "Conditionnement": "Bouteille de 250 ml. Colis de 12 bouteilles.",
    "Unité de commande": "colis",
    "Prix": "15,97 EUR",
    "Prix à l'unité de mesure": "5,32 EUR / L",
    "Prix à la portion": "1,33 EUR / bouteille",
    "DLC garantie au client": "30 jour(s)"
  },
  {
    "Rayon": "Équipement Hygiène",
    "Libellé produit": "Essuie mains doux 2p. compressées 24x21.2",
    "Marque": "TORK",
    "Code Produit": 263759,
    "Température": "Ambiant",
    "Conditionnement": "Colis de 12 paquets.",
    "Unité de commande": "colis",
    "Prix": "48,78 EUR",
    "Prix à l'unité de mesure": "",
    "Prix à la portion": "4,07 EUR / paquet",
    "DLC garantie au client": ""
  },
  {
    "Rayon": "Accompagnements Assaisonnement",
    "Libellé produit": "Huile d'arachide",
    "Marque": "MAUREL",
    "Code Produit": 265975,
    "Température": "Ambiant",
    "Conditionnement": "Par bouteille de 1 litre. Colis de 15 bouteilles.",
    "Unité de commande": "bouteille",
    "Prix": "3,39 EUR",
    "Prix à l'unité de mesure": "3,39 EUR / L",
    "Prix à la portion": "50,89 EUR / colis",
    "DLC garantie au client": "30 jour(s)"
  },
  {
    "Rayon": "Charcuterie Traiteur",
    "Libellé produit": "Chair de crabe",
    "Marque": "",
    "Code Produit": 267950,
    "Température": "Frais",
    "Conditionnement": "Par pot de 454 g. Colis de 6 pots.",
    "Unité de commande": "pot",
    "Prix": "12,30 EUR",
    "Prix à l'unité de mesure": "27,08 EUR / kg",
    "Prix à la portion": "73,78 EUR / colis",
    "DLC garantie au client": "10 jour(s)"
  },
  {
    "Rayon": "Pains Viennoiserie Pâtes",
    "Libellé produit": "Pavé multicéréales précuits",
    "Marque": "BRIDOR",
    "Code Produit": 272625,
    "Température": "Surgele",
    "Conditionnement": "Portion de 450 g. Colis de 30 portions.",
    "Unité de commande": "colis",
    "Prix": "55,27 EUR",
    "Prix à l'unité de mesure": "4,09 EUR / kg",
    "Prix à la portion": "1,84 EUR / Portion",
    "DLC garantie au client": "30 jour(s)"
  },
  {
    "Rayon": "Pains Viennoiserie Pâtes",
    "Libellé produit": "Pavé de campagne précuit",
    "Marque": "BRIDOR",
    "Code Produit": 272658,
    "Température": "Surgele",
    "Conditionnement": "Portion de 70 g. Colis de 100 portions.",
    "Unité de commande": "colis",
    "Prix": "19,19 EUR",
    "Prix à l'unité de mesure": "2,74 EUR / kg",
    "Prix à la portion": "0,19 EUR / Portion",
    "DLC garantie au client": "30 jour(s)"
  },
  {
    "Rayon": "Pains Viennoiserie Pâtes",
    "Libellé produit": "Pavé rustique précuit",
    "Marque": "BRIDOR",
    "Code Produit": 272708,
    "Température": "Surgele",
    "Conditionnement": "Portion de 450 g. Colis de 25 portions.",
    "Unité de commande": "colis",
    "Prix": "39,07 EUR",
    "Prix à l'unité de mesure": "3,47 EUR / kg",
    "Prix à la portion": "1,56 EUR / Portion",
    "DLC garantie au client": "30 jour(s)"
  },
  {
    "Rayon": "Fruits et Légumes",
    "Libellé produit": "Tomate équeutée 47/57. catégorie 1",
    "Marque": "STKFL",
    "Code Produit": 273331,
    "Température": "Frais",
    "Conditionnement": "Par colis de 6 kg.",
    "Unité de commande": "colis",
    "Prix": "5,90 EUR",
    "Prix à l'unité de mesure": "0,98 EUR / kg",
    "Prix à la portion": "",
    "DLC garantie au client": ""
  },
  {
    "Rayon": "Fruits et Légumes",
    "Libellé produit": "Gingembre. catégorie 1",
    "Marque": "STKFL",
    "Code Produit": 273338,
    "Température": "Frais",
    "Conditionnement": "Par barquette de 250 g.",
    "Unité de commande": "barquette",
    "Prix": "2,03 EUR",
    "Prix à l'unité de mesure": "8,12 EUR / kg",
    "Prix à la portion": "",
    "DLC garantie au client": ""
  },
  {
    "Rayon": "Charcuterie Traiteur",
    "Libellé produit": "Tartare de saumon x 10",
    "Marque": "LA DIEPPOISE",
    "Code Produit": 275511,
    "Température": "Surgele",
    "Conditionnement": "Portion de 70 g. Colis de 50 portions.",
    "Unité de commande": "colis",
    "Prix": "70,59 EUR",
    "Prix à l'unité de mesure": "20,17 EUR / kg",
    "Prix à la portion": "1,41 EUR / Portion",
    "DLC garantie au client": "30 jour(s)"
  },
  {
    "Rayon": "Équipement Hygiène",
    "Libellé produit": "Sacs à déchets de 10 L blanc. haute densité - 12 microns. rouleau de 50",
    "Marque": "",
    "Code Produit": 275705,
    "Température": "Ambiant",
    "Conditionnement": "Colis de 1000 portions.",
    "Unité de commande": "colis",
    "Prix": "16,04 EUR",
    "Prix à l'unité de mesure": "",
    "Prix à la portion": "0,02 EUR / Portion",
    "DLC garantie au client": ""
  },
  {
    "Rayon": "Fruits et Légumes",
    "Libellé produit": "Framboise. catégorie 1",
    "Marque": "STKFL",
    "Code Produit": 276466,
    "Température": "Frais",
    "Conditionnement": "Par barquette de 125 g.",
    "Unité de commande": "barquette",
    "Prix": "2,09 EUR",
    "Prix à l'unité de mesure": "16,71 EUR / kg",
    "Prix à la portion": "",
    "DLC garantie au client": "4 jour(s)"
  },
  {
    "Rayon": "Fruits et Légumes",
    "Libellé produit": "Groseille. catégorie 1",
    "Marque": "STKFL",
    "Code Produit": 276467,
    "Température": "Frais",
    "Conditionnement": "Par barquette de 125 g.",
    "Unité de commande": "barquette",
    "Prix": "4,44 EUR",
    "Prix à l'unité de mesure": "35,54 EUR / kg",
    "Prix à la portion": "",
    "DLC garantie au client": "4 jour(s)"
  },
  {
    "Rayon": "Fruits et Légumes",
    "Libellé produit": "Chou brocoli. catégorie 1",
    "Marque": "STKFL",
    "Code Produit": 276484,
    "Température": "Frais",
    "Conditionnement": "Par pièce de 500 g.",
    "Unité de commande": "pièce",
    "Prix": "1,36 EUR",
    "Prix à l'unité de mesure": "2,71 EUR / kg",
    "Prix à la portion": "",
    "DLC garantie au client": ""
  },
  {
    "Rayon": "Poissons Coquillages Crustacés",
    "Libellé produit": "Filet de thon pour. sashimi décongelé",
    "Marque": "",
    "Code Produit": 276490,
    "Température": "Frais",
    "Conditionnement": "Par barquette de 3 kg.",
    "Unité de commande": "barquette",
    "Prix": "79,21 EUR",
    "Prix à l'unité de mesure": "26,40 EUR / kg",
    "Prix à la portion": "",
    "DLC garantie au client": "5 jour(s)"
  },
  {
    "Rayon": "Pâtisserie Biscuiterie Confiserie",
    "Libellé produit": "Mon cake nature",
    "Marque": "KER CADELAC",
    "Code Produit": 286294,
    "Température": "Ambiant",
    "Conditionnement": "Par pièce de 800 g. Colis de 8 pièces.",
    "Unité de commande": "pièce",
    "Prix": "3,58 EUR",
    "Prix à l'unité de mesure": "4,48 EUR / kg",
    "Prix à la portion": "28,66 EUR / colis",
    "DLC garantie au client": "7 jour(s)"
  },
  {
    "Rayon": "Accompagnements Assaisonnement",
    "Libellé produit": "Fonds de Volaille Déshydraté. 750g jusqu'à 30L",
    "Marque": "KNORR",
    "Code Produit": 288472,
    "Température": "Ambiant",
    "Conditionnement": "Par boite de 750 g. Colis de 6 boites.",
    "Unité de commande": "boite",
    "Prix": "16,31 EUR",
    "Prix à l'unité de mesure": "21,74 EUR / kg",
    "Prix à la portion": "97,84 EUR / colis",
    "DLC garantie au client": "30 jour(s)"
  },
  {
    "Rayon": "Épicerie",
    "Libellé produit": "Extra fruits muesli pépites. de céréales croustillantes. avec des noix",
    "Marque": "KELLOGG'S",
    "Code Produit": 289358,
    "Température": "Ambiant",
    "Conditionnement": "Par paquet de 1.5 kg. Colis de 4 paquets.",
    "Unité de commande": "paquet",
    "Prix": "24,10 EUR",
    "Prix à l'unité de mesure": "16,07 EUR / kg",
    "Prix à la portion": "96,41 EUR / colis",
    "DLC garantie au client": "30 jour(s)"
  },
  {
    "Rayon": "Épicerie",
    "Libellé produit": "Cocktails de fruits Acapulco. peche, raisin rouge, melon. , ananas, kiwi, mangue",
    "Marque": "LEGAVE",
    "Code Produit": 292409,
    "Température": "Surgele",
    "Conditionnement": "Sachet de 1 kg. Colis de 5 sachets.",
    "Unité de commande": "colis",
    "Prix": "20,00 EUR",
    "Prix à l'unité de mesure": "4,00 EUR / kg",
    "Prix à la portion": "4,00 EUR / sachet",
    "DLC garantie au client": "60 jour(s)"
  },
  {
    "Rayon": "Épicerie",
    "Libellé produit": "Amande grise décortiquée",
    "Marque": "OLYMPFRUITS",
    "Code Produit": 294454,
    "Température": "Ambiant",
    "Conditionnement": "Par sachet de 1 kg. Colis de 5 sachets.",
    "Unité de commande": "sachet",
    "Prix": "8,33 EUR",
    "Prix à l'unité de mesure": "8,33 EUR / kg",
    "Prix à la portion": "41,67 EUR / colis",
    "DLC garantie au client": "30 jour(s)"
  },
  {
    "Rayon": "Épicerie",
    "Libellé produit": "Canderel en poudre",
    "Marque": "CANDEREL",
    "Code Produit": 295014,
    "Température": "Ambiant",
    "Conditionnement": "Portion de 0.5 g. Colis de 250 portions.",
    "Unité de commande": "colis",
    "Prix": "8,31 EUR",
    "Prix à l'unité de mesure": "66,46 EUR / kg",
    "Prix à la portion": "0,03 EUR / Portion",
    "DLC garantie au client": "30 jour(s)"
  },
  {
    "Rayon": "Pains Viennoiserie Pâtes",
    "Libellé produit": "Pain losange céréales et. graines",
    "Marque": "",
    "Code Produit": 297674,
    "Température": "Surgele",
    "Conditionnement": "Portion de 57.833 g. Colis de 120 portions.",
    "Unité de commande": "colis",
    "Prix": "18,55 EUR",
    "Prix à l'unité de mesure": "2,67 EUR / kg",
    "Prix à la portion": "0,15 EUR / Portion",
    "DLC garantie au client": "30 jour(s)"
  },
  {
    "Rayon": "Épicerie",
    "Libellé produit": "Noisettes entières. décortiquées",
    "Marque": "OLYMPFRUITS",
    "Code Produit": 297692,
    "Température": "Ambiant",
    "Conditionnement": "Par sachet de 1 kg. Colis de 10 sachets.",
    "Unité de commande": "sachet",
    "Prix": "9,95 EUR",
    "Prix à l'unité de mesure": "9,95 EUR / kg",
    "Prix à la portion": "99,46 EUR / colis",
    "DLC garantie au client": "30 jour(s)"
  },
  {
    "Rayon": "Crèmerie Œufs Fromages",
    "Libellé produit": "Beurre demi sel",
    "Marque": "ECHIRE",
    "Code Produit": 298224,
    "Température": "Frais",
    "Conditionnement": "Par plaque de 250 g. Colis de 20 plaques.",
    "Unité de commande": "plaque",
    "Prix": "3,90 EUR",
    "Prix à l'unité de mesure": "15,61 EUR / kg",
    "Prix à la portion": "78,04 EUR / colis",
    "DLC garantie au client": "7 jour(s)"
  },
  {
    "Rayon": "Accompagnements Assaisonnement",
    "Libellé produit": "Huile de tournesol",
    "Marque": "TGT ECONOMY",
    "Code Produit": 300004,
    "Température": "Ambiant",
    "Conditionnement": "Par bouteille de 1 litre. Colis de 15 bouteilles.",
    "Unité de commande": "bouteille",
    "Prix": "1,98 EUR",
    "Prix à l'unité de mesure": "1,98 EUR / L",
    "Prix à la portion": "29,72 EUR / colis",
    "DLC garantie au client": "30 jour(s)"
  },
  {
    "Rayon": "Accompagnements Assaisonnement",
    "Libellé produit": "Huile de tournesol",
    "Marque": "TGT ECONOMY",
    "Code Produit": 300006,
    "Température": "Ambiant",
    "Conditionnement": "Par bidon de 25 litre.",
    "Unité de commande": "bidon",
    "Prix": "51,55 EUR",
    "Prix à l'unité de mesure": "2,06 EUR / L",
    "Prix à la portion": "",
    "DLC garantie au client": "30 jour(s)"
  },
  {
    "Rayon": "Équipement Hygiène",
    "Libellé produit": "Gel WC, nettoyant et. détartrant",
    "Marque": "TGT QUALITY",
    "Code Produit": 300017,
    "Température": "Ambiant",
    "Conditionnement": "Par flacon de 750 ml. Colis de 10 flacons.",
    "Unité de commande": "flacon",
    "Prix": "2,46 EUR",
    "Prix à l'unité de mesure": "3,28 EUR / L",
    "Prix à la portion": "24,59 EUR / colis",
    "DLC garantie au client": "30 jour(s)"
  },
  {
    "Rayon": "Équipement Hygiène",
    "Libellé produit": "Lessive linge liquide *ENV",
    "Marque": "TGT QUALITY",
    "Code Produit": 300018,
    "Température": "Ambiant",
    "Conditionnement": "Par bidon de 3 litre. Colis de 6 bidons.",
    "Unité de commande": "bidon",
    "Prix": "12,98 EUR",
    "Prix à l'unité de mesure": "4,33 EUR / L",
    "Prix à la portion": "77,85 EUR / colis",
    "DLC garantie au client": "30 jour(s)"
  },
  {
    "Rayon": "Épicerie",
    "Libellé produit": "Chips nature",
    "Marque": "TGT ECONOMY",
    "Code Produit": 300022,
    "Température": "Ambiant",
    "Conditionnement": "Sachet de 500 g. Colis de 10 sachets.",
    "Unité de commande": "colis",
    "Prix": "37,97 EUR",
    "Prix à l'unité de mesure": "7,59 EUR / kg",
    "Prix à la portion": "3,80 EUR / sachet",
    "DLC garantie au client": "30 jour(s)"
  },
  {
    "Rayon": "Accompagnements Assaisonnement",
    "Libellé produit": "Huile d'olive vierge extra",
    "Marque": "TGT ECONOMY",
    "Code Produit": 300023,
    "Température": "Ambiant",
    "Conditionnement": "Par bouteille de 1 litre. Colis de 15 bouteilles.",
    "Unité de commande": "bouteille",
    "Prix": "7,13 EUR",
    "Prix à l'unité de mesure": "7,13 EUR / L",
    "Prix à la portion": "106,88 EUR / colis",
    "DLC garantie au client": "30 jour(s)"
  },
  {
    "Rayon": "Pains Viennoiserie Pâtes",
    "Libellé produit": "Farine de blé T55",
    "Marque": "TGT ECONOMY",
    "Code Produit": 300031,
    "Température": "Ambiant",
    "Conditionnement": "Par sac de 25 kg.",
    "Unité de commande": "sac",
    "Prix": "16,25 EUR",
    "Prix à l'unité de mesure": "0,65 EUR / kg",
    "Prix à la portion": "",
    "DLC garantie au client": "30 jour(s)"
  },
  {
    "Rayon": "Pains Viennoiserie Pâtes",
    "Libellé produit": "Farine de blé T55",
    "Marque": "TGT ECONOMY",
    "Code Produit": 300033,
    "Température": "Ambiant",
    "Conditionnement": "Paquet de 1 kg. Colis de 10 paquets.",
    "Unité de commande": "colis",
    "Prix": "7,34 EUR",
    "Prix à l'unité de mesure": "0,73 EUR / kg",
    "Prix à la portion": "0,73 EUR / paquet",
    "DLC garantie au client": "30 jour(s)"
  },
  {
    "Rayon": "Épicerie",
    "Libellé produit": "Café moulu prestige. 100% arabica",
    "Marque": "TGT QUALITY",
    "Code Produit": 300052,
    "Température": "Ambiant",
    "Conditionnement": "Par paquet de 1 kg. Colis de 6 paquets.",
    "Unité de commande": "paquet",
    "Prix": "11,57 EUR",
    "Prix à l'unité de mesure": "11,57 EUR / kg",
    "Prix à la portion": "69,43 EUR / colis",
    "DLC garantie au client": "30 jour(s)"
  },
  {
    "Rayon": "Épicerie",
    "Libellé produit": "Café moulu harmonie. 50 % arabica / 50 % robusta",
    "Marque": "TGT QUALITY",
    "Code Produit": 300053,
    "Température": "Ambiant",
    "Conditionnement": "Par paquet de 1 kg. Colis de 6 paquets.",
    "Unité de commande": "paquet",
    "Prix": "9,44 EUR",
    "Prix à l'unité de mesure": "9,44 EUR / kg",
    "Prix à la portion": "56,66 EUR / colis",
    "DLC garantie au client": "30 jour(s)"
  },
  {
    "Rayon": "Charcuterie Traiteur",
    "Libellé produit": "Plaque feuilletée. pur beurre 2.8 mm",
    "Marque": "TGT QUALITY",
    "Code Produit": 300079,
    "Température": "Surgele",
    "Conditionnement": "Portion de 700 g. Colis de 14 portions.",
    "Unité de commande": "colis",
    "Prix": "49,70 EUR",
    "Prix à l'unité de mesure": "5,07 EUR / kg",
    "Prix à la portion": "3,55 EUR / Portion",
    "DLC garantie au client": "30 jour(s)"
  },
  {
    "Rayon": "Équipement Hygiène",
    "Libellé produit": "Lessive linge performance",
    "Marque": "TGT QUALITY",
    "Code Produit": 300082,
    "Température": "Ambiant",
    "Conditionnement": "Par sac de 18 kg.",
    "Unité de commande": "sac",
    "Prix": "36,02 EUR",
    "Prix à l'unité de mesure": "2,00 EUR / kg",
    "Prix à la portion": "",
    "DLC garantie au client": "30 jour(s)"
  },
  {
    "Rayon": "Crèmerie Œufs Fromages",
    "Libellé produit": "Parmigiano reggiano râpé aop",
    "Marque": "TGT QUALITY",
    "Code Produit": 300092,
    "Température": "Frais",
    "Conditionnement": "Par sachet de 500 g. Colis de 10 sachets.",
    "Unité de commande": "sachet",
    "Prix": "8,53 EUR",
    "Prix à l'unité de mesure": "17,05 EUR / kg",
    "Prix à la portion": "85,25 EUR / colis",
    "DLC garantie au client": "7 jour(s)"
  },
  {
    "Rayon": "Charcuterie Traiteur",
    "Libellé produit": "Poitrine de porc fumée. tranches fines",
    "Marque": "TGT QUALITY",
    "Code Produit": 300093,
    "Température": "Frais",
    "Conditionnement": "Par sachet de 400 g. Colis de 12 sachets.",
    "Unité de commande": "sachet",
    "Prix": "4,14 EUR",
    "Prix à l'unité de mesure": "10,36 EUR / kg",
    "Prix à la portion": "49,72 EUR / colis",
    "DLC garantie au client": "7 jour(s)"
  },
  {
    "Rayon": "Épicerie",
    "Libellé produit": "Sucre en morceaux n°7. enveloppé par 2",
    "Marque": "TGT QUALITY",
    "Code Produit": 300110,
    "Température": "Ambiant",
    "Conditionnement": "Portion de 5.208 g. Colis de 960 portions.",
    "Unité de commande": "colis",
    "Prix": "20,47 EUR",
    "Prix à l'unité de mesure": "4,09 EUR / kg",
    "Prix à la portion": "0,02 EUR / Portion",
    "DLC garantie au client": ""
  },
  {
    "Rayon": "Charcuterie Traiteur",
    "Libellé produit": "Asperge blanche calibre. moyen 25/34",
    "Marque": "TGT ECONOMY",
    "Code Produit": 300121,
    "Température": "Ambiant",
    "Conditionnement": "Par boite 4/4 de 660 g. Colis de 12 boites 4/4.",
    "Unité de commande": "boite 4/4",
    "Prix": "3,70 EUR",
    "Prix à l'unité de mesure": "5,61 EUR / kg",
    "Prix à la portion": "44,41 EUR / colis",
    "DLC garantie au client": "30 jour(s)"
  },
  {
    "Rayon": "Accompagnements Assaisonnement",
    "Libellé produit": "Câpres fines",
    "Marque": "TGT ECONOMY",
    "Code Produit": 300154,
    "Température": "Ambiant",
    "Conditionnement": "Par boite 4/4 de 830 g. Colis de 6 boites 4/4.",
    "Unité de commande": "boite 4/4",
    "Prix": "4,06 EUR",
    "Prix à l'unité de mesure": "4,89 EUR / kg",
    "Prix à la portion": "24,37 EUR / colis",
    "DLC garantie au client": "30 jour(s)"
  },
  {
    "Rayon": "Accompagnements Assaisonnement",
    "Libellé produit": "Double concentré de tomates",
    "Marque": "TGT ECONOMY",
    "Code Produit": 300172,
    "Température": "Ambiant",
    "Conditionnement": "Par boite de 880 g. Colis de 12 boites.",
    "Unité de commande": "boite",
    "Prix": "2,34 EUR",
    "Prix à l'unité de mesure": "2,66 EUR / kg",
    "Prix à la portion": "28,08 EUR / colis",
    "DLC garantie au client": "30 jour(s)"
  },
  {
    "Rayon": "Charcuterie Traiteur",
    "Libellé produit": "Macédoine de légumes",
    "Marque": "TGT ECONOMY",
    "Code Produit": 300211,
    "Température": "Ambiant",
    "Conditionnement": "Par boite 4/4 de 800 g. Colis de 12 boites 4/4.",
    "Unité de commande": "boite 4/4",
    "Prix": "1,59 EUR",
    "Prix à l'unité de mesure": "1,99 EUR / kg",
    "Prix à la portion": "19,08 EUR / colis",
    "DLC garantie au client": "60 jour(s)"
  },
  {
    "Rayon": "Accompagnements Assaisonnement",
    "Libellé produit": "Cèpe extra sèche",
    "Marque": "TGT QUALITY",
    "Code Produit": 300236,
    "Température": "Ambiant",
    "Conditionnement": "Par tubo de 500 g. Colis de 6 tubo.",
    "Unité de commande": "tubo",
    "Prix": "44,18 EUR",
    "Prix à l'unité de mesure": "88,36 EUR / kg",
    "Prix à la portion": "265,07 EUR / colis",
    "DLC garantie au client": "30 jour(s)"
  },
  {
    "Rayon": "Charcuterie Traiteur",
    "Libellé produit": "Jambon cuit supérieur. decouenne degraissé. pièce de 7.3kg environ",
    "Marque": "TGT QUALITY",
    "Code Produit": 300243,
    "Température": "Frais",
    "Conditionnement": "Par pièce de 7.3 kg. Colis de 2 pièces.",
    "Unité de commande": "pièce",
    "Prix": "69,18 EUR",
    "Prix à l'unité de mesure": "9,48 EUR / kg",
    "Prix à la portion": "138,36 EUR / colis",
    "DLC garantie au client": "7 jour(s)"
  },
  {
    "Rayon": "Épicerie",
    "Libellé produit": "Oreillons de peches. préservés",
    "Marque": "TGT ECONOMY",
    "Code Produit": 300273,
    "Température": "Ambiant",
    "Conditionnement": "Par boite 5/1 de 4.2 kg. Colis de 3 boites 5/1.",
    "Unité de commande": "boite 5/1",
    "Prix": "8,81 EUR",
    "Prix à l'unité de mesure": "2,10 EUR / kg",
    "Prix à la portion": "26,44 EUR / colis",
    "DLC garantie au client": "30 jour(s)"
  },
  {
    "Rayon": "Accompagnements Assaisonnement",
    "Libellé produit": "Pulpe de tomate au jus",
    "Marque": "TGT ECONOMY",
    "Code Produit": 300274,
    "Température": "Ambiant",
    "Conditionnement": "Par boite de 4 kg. Colis de 3 boites.",
    "Unité de commande": "boite",
    "Prix": "5,65 EUR",
    "Prix à l'unité de mesure": "1,41 EUR / kg",
    "Prix à la portion": "16,96 EUR / colis",
    "DLC garantie au client": "60 jour(s)"
  },
  {
    "Rayon": "Crèmerie Œufs Fromages",
    "Libellé produit": "Emmental 27% mg",
    "Marque": "TGT ECONOMY",
    "Code Produit": 300303,
    "Température": "Frais",
    "Conditionnement": "Par pièce de 3.5 kg. Colis de 3 pièces.",
    "Unité de commande": "pièce",
    "Prix": "33,81 EUR",
    "Prix à l'unité de mesure": "9,66 EUR / kg",
    "Prix à la portion": "101,43 EUR / colis",
    "DLC garantie au client": "7 jour(s)"
  },
  {
    "Rayon": "Accompagnements Assaisonnement",
    "Libellé produit": "Mayonnaise",
    "Marque": "TGT QUALITY",
    "Code Produit": 300307,
    "Température": "Ambiant",
    "Conditionnement": "Par seau de 5 litre.",
    "Unité de commande": "seau",
    "Prix": "15,79 EUR",
    "Prix à l'unité de mesure": "3,16 EUR / L",
    "Prix à la portion": "",
    "DLC garantie au client": "10 jour(s)"
  },
  {
    "Rayon": "Accompagnements Assaisonnement",
    "Libellé produit": "Moutarde de Dijon",
    "Marque": "TGT QUALITY",
    "Code Produit": 300321,
    "Température": "Ambiant",
    "Conditionnement": "Par seau de 1 kg. Colis de 6 seaux.",
    "Unité de commande": "seau",
    "Prix": "2,80 EUR",
    "Prix à l'unité de mesure": "2,80 EUR / kg",
    "Prix à la portion": "16,80 EUR / colis",
    "DLC garantie au client": "30 jour(s)"
  },
  {
    "Rayon": "Accompagnements Assaisonnement",
    "Libellé produit": "Moutarde de Dijon",
    "Marque": "TGT QUALITY",
    "Code Produit": 300322,
    "Température": "Ambiant",
    "Conditionnement": "Par seau de 5 kg.",
    "Unité de commande": "seau",
    "Prix": "11,30 EUR",
    "Prix à l'unité de mesure": "2,26 EUR / kg",
    "Prix à la portion": "",
    "DLC garantie au client": "30 jour(s)"
  },
  {
    "Rayon": "Accompagnements Assaisonnement",
    "Libellé produit": "Carottes en rondelles",
    "Marque": "TGT ECONOMY",
    "Code Produit": 300333,
    "Température": "Surgele",
    "Conditionnement": "Par sachet de 2.5 kg. Colis de 4 sachets.",
    "Unité de commande": "sachet",
    "Prix": "2,79 EUR",
    "Prix à l'unité de mesure": "1,12 EUR / kg",
    "Prix à la portion": "11,17 EUR / colis",
    "DLC garantie au client": "30 jour(s)"
  },
  {
    "Rayon": "Accompagnements Assaisonnement",
    "Libellé produit": "Choux fleur en fleurette",
    "Marque": "TGT ECONOMY",
    "Code Produit": 300349,
    "Température": "Surgele",
    "Conditionnement": "Par sachet de 2.5 kg. Colis de 4 sachets.",
    "Unité de commande": "sachet",
    "Prix": "3,72 EUR",
    "Prix à l'unité de mesure": "1,49 EUR / kg",
    "Prix à la portion": "14,88 EUR / colis",
    "DLC garantie au client": "60 jour(s)"
  },
  {
    "Rayon": "Accompagnements Assaisonnement",
    "Libellé produit": "Epinards branches portions. sachet de 2.5 kg",
    "Marque": "TGT ECONOMY",
    "Code Produit": 300357,
    "Température": "Surgele",
    "Conditionnement": "Par sachet de 2.5 kg. Colis de 4 sachets.",
    "Unité de commande": "sachet",
    "Prix": "3,38 EUR",
    "Prix à l'unité de mesure": "1,35 EUR / kg",
    "Prix à la portion": "13,50 EUR / colis",
    "DLC garantie au client": "30 jour(s)"
  },
  {
    "Rayon": "Accompagnements Assaisonnement",
    "Libellé produit": "Haricots verts extra fins",
    "Marque": "TGT ECONOMY",
    "Code Produit": 300359,
    "Température": "Surgele",
    "Conditionnement": "Par sachet de 2.5 kg. Colis de 4 sachets.",
    "Unité de commande": "sachet",
    "Prix": "4,47 EUR",
    "Prix à l'unité de mesure": "1,79 EUR / kg",
    "Prix à la portion": "17,88 EUR / colis",
    "DLC garantie au client": "30 jour(s)"
  },
  {
    "Rayon": "Pâtisserie Biscuiterie Confiserie",
    "Libellé produit": "Bonbon accueil fruits. tubo de 1.4 kg",
    "Marque": "TGT QUALITY",
    "Code Produit": 300375,
    "Température": "Ambiant",
    "Conditionnement": "Par tubo de 1.4 kg. Colis de 6 tubo.",
    "Unité de commande": "tubo",
    "Prix": "11,49 EUR",
    "Prix à l'unité de mesure": "8,21 EUR / kg",
    "Prix à la portion": "68,95 EUR / colis",
    "DLC garantie au client": "30 jour(s)"
  },
  {
    "Rayon": "Pâtisserie Biscuiterie Confiserie",
    "Libellé produit": "Bonbon accueil menthe. tubo de 1.4 kg",
    "Marque": "TGT QUALITY",
    "Code Produit": 300377,
    "Température": "Ambiant",
    "Conditionnement": "Par tubo de 1.4 kg. Colis de 6 tubo.",
    "Unité de commande": "tubo",
    "Prix": "11,07 EUR",
    "Prix à l'unité de mesure": "7,91 EUR / kg",
    "Prix à la portion": "66,44 EUR / colis",
    "DLC garantie au client": "30 jour(s)"
  },
  {
    "Rayon": "Accompagnements Assaisonnement",
    "Libellé produit": "Poivrons rouges et verts. en lanières",
    "Marque": "TGT ECONOMY",
    "Code Produit": 300423,
    "Température": "Surgele",
    "Conditionnement": "Par sachet de 2.5 kg. Colis de 4 sachets.",
    "Unité de commande": "sachet",
    "Prix": "6,10 EUR",
    "Prix à l'unité de mesure": "2,44 EUR / kg",
    "Prix à la portion": "24,39 EUR / colis",
    "DLC garantie au client": "30 jour(s)"
  },
  {
    "Rayon": "Charcuterie Traiteur",
    "Libellé produit": "Bacon fumé en tranche de 10 gr. barquette de 50 tranches",
    "Marque": "TGT QUALITY",
    "Code Produit": 300445,
    "Température": "Frais",
    "Conditionnement": "Portion de 10 g. Barquette de 50 portions.",
    "Unité de commande": "barquette",
    "Prix": "6,21 EUR",
    "Prix à l'unité de mesure": "12,41 EUR / kg",
    "Prix à la portion": "0,12 EUR / Portion",
    "DLC garantie au client": "7 jour(s)"
  },
  {
    "Rayon": "Charcuterie Traiteur",
    "Libellé produit": "Rosette entière",
    "Marque": "TGT QUALITY",
    "Code Produit": 300448,
    "Température": "Frais",
    "Conditionnement": "Par pièce de 2.5 kg. Colis de 2 pièces.",
    "Unité de commande": "pièce",
    "Prix": "29,79 EUR",
    "Prix à l'unité de mesure": "11,91 EUR / kg",
    "Prix à la portion": "59,57 EUR / colis",
    "DLC garantie au client": "7 jour(s)"
  },
  {
    "Rayon": "Accompagnements Assaisonnement",
    "Libellé produit": "Gratin dauphinois en sachet. individuel",
    "Marque": "TGT QUALITY",
    "Code Produit": 300460,
    "Température": "Surgele",
    "Conditionnement": "Portion de 100 g. Colis de 30 portions.",
    "Unité de commande": "colis",
    "Prix": "20,63 EUR",
    "Prix à l'unité de mesure": "6,88 EUR / kg",
    "Prix à la portion": "0,69 EUR / Portion",
    "DLC garantie au client": "30 jour(s)"
  },
  {
    "Rayon": "Accompagnements Assaisonnement",
    "Libellé produit": "Vinaigre d'alcool blanc 8°",
    "Marque": "TGT ECONOMY",
    "Code Produit": 300461,
    "Température": "Ambiant",
    "Conditionnement": "Par bouteille de 1.5 litre. Colis de 12 bouteilles.",
    "Unité de commande": "bouteille",
    "Prix": "1,13 EUR",
    "Prix à l'unité de mesure": "0,75 EUR / L",
    "Prix à la portion": "13,50 EUR / colis",
    "DLC garantie au client": ""
  },
  {
    "Rayon": "Crèmerie Œufs Fromages",
    "Libellé produit": "Crème fraiche épaisse 30%. seau de 5 l",
    "Marque": "TGT QUALITY",
    "Code Produit": 300488,
    "Température": "Frais",
    "Conditionnement": "Par seau de 5 litre.",
    "Unité de commande": "seau",
    "Prix": "20,75 EUR",
    "Prix à l'unité de mesure": "4,15 EUR / L",
    "Prix à la portion": "",
    "DLC garantie au client": "7 jour(s)"
  },
  {
    "Rayon": "Accompagnements Assaisonnement",
    "Libellé produit": "Poivre blanc moulu",
    "Marque": "TGT ECONOMY",
    "Code Produit": 300516,
    "Température": "Ambiant",
    "Conditionnement": "Par sachet de 1 kg. Colis de 10 sachets.",
    "Unité de commande": "sachet",
    "Prix": "13,66 EUR",
    "Prix à l'unité de mesure": "13,66 EUR / kg",
    "Prix à la portion": "136,63 EUR / colis",
    "DLC garantie au client": "30 jour(s)"
  },
  {
    "Rayon": "Accompagnements Assaisonnement",
    "Libellé produit": "Poivre noir moulu",
    "Marque": "TGT ECONOMY",
    "Code Produit": 300519,
    "Température": "Ambiant",
    "Conditionnement": "Par sachet de 1 kg. Colis de 10 sachets.",
    "Unité de commande": "sachet",
    "Prix": "10,34 EUR",
    "Prix à l'unité de mesure": "10,34 EUR / kg",
    "Prix à la portion": "103,36 EUR / colis",
    "DLC garantie au client": "30 jour(s)"
  },
  {
    "Rayon": "Accompagnements Assaisonnement",
    "Libellé produit": "mélange 5 baies",
    "Marque": "TGT QUALITY",
    "Code Produit": 300528,
    "Température": "Ambiant",
    "Conditionnement": "Par boite de 350 g. Colis de 6 boites.",
    "Unité de commande": "boite",
    "Prix": "5,61 EUR",
    "Prix à l'unité de mesure": "16,01 EUR / kg",
    "Prix à la portion": "33,63 EUR / colis",
    "DLC garantie au client": "30 jour(s)"
  },
  {
    "Rayon": "Crèmerie Œufs Fromages",
    "Libellé produit": "Emmental râpé 29%. sachet de 1 kg",
    "Marque": "TGT ECONOMY",
    "Code Produit": 300542,
    "Température": "Frais",
    "Conditionnement": "Par sachet de 1 kg. Colis de 10 sachets.",
    "Unité de commande": "sachet",
    "Prix": "9,50 EUR",
    "Prix à l'unité de mesure": "9,50 EUR / kg",
    "Prix à la portion": "95,00 EUR / colis",
    "DLC garantie au client": "7 jour(s)"
  },
  {
    "Rayon": "Épicerie",
    "Libellé produit": "Mini bretzel salé",
    "Marque": "TGT QUALITY",
    "Code Produit": 300546,
    "Température": "Ambiant",
    "Conditionnement": "Sac de 1 kg. Colis de 3 sacs.",
    "Unité de commande": "colis",
    "Prix": "14,44 EUR",
    "Prix à l'unité de mesure": "4,81 EUR / kg",
    "Prix à la portion": "4,81 EUR / sac",
    "DLC garantie au client": "30 jour(s)"
  },
  {
    "Rayon": "Accompagnements Assaisonnement",
    "Libellé produit": "Huile de colza",
    "Marque": "TGT ECONOMY",
    "Code Produit": 300579,
    "Température": "Ambiant",
    "Conditionnement": "Par bouteille de 1 litre. Colis de 15 bouteilles.",
    "Unité de commande": "bouteille",
    "Prix": "2,22 EUR",
    "Prix à l'unité de mesure": "2,22 EUR / L",
    "Prix à la portion": "33,26 EUR / colis",
    "DLC garantie au client": "30 jour(s)"
  },
  {
    "Rayon": "Accompagnements Assaisonnement",
    "Libellé produit": "huile colza",
    "Marque": "TGT ECONOMY",
    "Code Produit": 300580,
    "Température": "Ambiant",
    "Conditionnement": "Par bidon de 5 litre. Colis de 3 bidons.",
    "Unité de commande": "bidon",
    "Prix": "9,69 EUR",
    "Prix à l'unité de mesure": "1,94 EUR / L",
    "Prix à la portion": "29,07 EUR / colis",
    "DLC garantie au client": "30 jour(s)"
  },
  {
    "Rayon": "Pains Viennoiserie Pâtes",
    "Libellé produit": "croissant beurre pret à cuire",
    "Marque": "TGT ECONOMY",
    "Code Produit": 300614,
    "Température": "Surgele",
    "Conditionnement": "Portion de 55 g. Colis de 110 portions.",
    "Unité de commande": "colis",
    "Prix": "28,85 EUR",
    "Prix à l'unité de mesure": "4,77 EUR / kg",
    "Prix à la portion": "0,26 EUR / Portion",
    "DLC garantie au client": "30 jour(s)"
  },
  {
    "Rayon": "Pains Viennoiserie Pâtes",
    "Libellé produit": "croissant beurre pret à cuire",
    "Marque": "TGT QUALITY",
    "Code Produit": 300616,
    "Température": "Surgele",
    "Conditionnement": "Portion de 70 g. Colis de 60 portions.",
    "Unité de commande": "colis",
    "Prix": "25,35 EUR",
    "Prix à l'unité de mesure": "6,04 EUR / kg",
    "Prix à la portion": "0,42 EUR / Portion",
    "DLC garantie au client": "30 jour(s)"
  },
  {
    "Rayon": "Pains Viennoiserie Pâtes",
    "Libellé produit": "pain au chocolat pret à cuire",
    "Marque": "TGT QUALITY",
    "Code Produit": 300617,
    "Température": "Surgele",
    "Conditionnement": "Portion de 75 g. Colis de 70 portions.",
    "Unité de commande": "colis",
    "Prix": "31,59 EUR",
    "Prix à l'unité de mesure": "6,02 EUR / kg",
    "Prix à la portion": "0,45 EUR / Portion",
    "DLC garantie au client": "30 jour(s)"
  },
  {
    "Rayon": "Charcuterie Traiteur",
    "Libellé produit": "Tartare de tomate en dés",
    "Marque": "TGT QUALITY",
    "Code Produit": 300623,
    "Température": "Frais",
    "Conditionnement": "Par barquette de 2.5 kg.",
    "Unité de commande": "barquette",
    "Prix": "15,28 EUR",
    "Prix à l'unité de mesure": "6,11 EUR / kg",
    "Prix à la portion": "",
    "DLC garantie au client": "7 jour(s)"
  },
  {
    "Rayon": "Crèmerie Œufs Fromages",
    "Libellé produit": "Fromage blanc 2.8%",
    "Marque": "TGT QUALITY",
    "Code Produit": 300630,
    "Température": "Frais",
    "Conditionnement": "Par seau de 5 kg.",
    "Unité de commande": "seau",
    "Prix": "13,02 EUR",
    "Prix à l'unité de mesure": "2,60 EUR / kg",
    "Prix à la portion": "",
    "DLC garantie au client": "7 jour(s)"
  },
  {
    "Rayon": "Crèmerie Œufs Fromages",
    "Libellé produit": "Fromage blanc 7.8%",
    "Marque": "TGT QUALITY",
    "Code Produit": 300631,
    "Température": "Frais",
    "Conditionnement": "Par seau de 5 kg.",
    "Unité de commande": "seau",
    "Prix": "14,57 EUR",
    "Prix à l'unité de mesure": "2,91 EUR / kg",
    "Prix à la portion": "",
    "DLC garantie au client": "7 jour(s)"
  },
  {
    "Rayon": "Crèmerie Œufs Fromages",
    "Libellé produit": "Brie 25%. pièce de 3 kg",
    "Marque": "TGT QUALITY",
    "Code Produit": 300632,
    "Température": "Frais",
    "Conditionnement": "Par pièce de 3 kg.",
    "Unité de commande": "pièce",
    "Prix": "24,70 EUR",
    "Prix à l'unité de mesure": "8,23 EUR / kg",
    "Prix à la portion": "",
    "DLC garantie au client": "7 jour(s)"
  },
  {
    "Rayon": "Desserts Glaces",
    "Libellé produit": "Chou à garnir",
    "Marque": "LEGAVE",
    "Code Produit": 300639,
    "Température": "Ambiant",
    "Conditionnement": "Portion de 10 g. Colis de 120 portions.",
    "Unité de commande": "colis",
    "Prix": "20,31 EUR",
    "Prix à l'unité de mesure": "16,93 EUR / kg",
    "Prix à la portion": "0,17 EUR / Portion",
    "DLC garantie au client": "30 jour(s)"
  },
  {
    "Rayon": "Équipement Hygiène",
    "Libellé produit": "Gant latex poudré blanc. taille l",
    "Marque": "TGT QUALITY",
    "Code Produit": 300662,
    "Température": "Ambiant",
    "Conditionnement": "Boite de 100 portions.",
    "Unité de commande": "boite",
    "Prix": "3,87 EUR",
    "Prix à l'unité de mesure": "",
    "Prix à la portion": "0,04 EUR / Portion",
    "DLC garantie au client": "60 jour(s)"
  },
  {
    "Rayon": "Boissons",
    "Libellé produit": "Sirop de grenadine",
    "Marque": "TGT QUALITY",
    "Code Produit": 300684,
    "Température": "Ambiant",
    "Conditionnement": "Par bouteille de 1 litre. Colis de 6 bouteilles.",
    "Unité de commande": "bouteille",
    "Prix": "3,23 EUR",
    "Prix à l'unité de mesure": "3,23 EUR / L",
    "Prix à la portion": "19,38 EUR / colis",
    "DLC garantie au client": "30 jour(s)"
  },
  {
    "Rayon": "Crèmerie Œufs Fromages",
    "Libellé produit": "Emmental français râpé",
    "Marque": "TGT QUALITY",
    "Code Produit": 300690,
    "Température": "Frais",
    "Conditionnement": "Par sachet de 1 kg. Colis de 10 sachets.",
    "Unité de commande": "sachet",
    "Prix": "8,30 EUR",
    "Prix à l'unité de mesure": "8,30 EUR / kg",
    "Prix à la portion": "83,01 EUR / colis",
    "DLC garantie au client": "7 jour(s)"
  },
  {
    "Rayon": "Desserts Glaces",
    "Libellé produit": "Fond de tarte sucré pur beurre. diamètre 10 cm",
    "Marque": "LEGAVE",
    "Code Produit": 300696,
    "Température": "Surgele",
    "Conditionnement": "Portion de 45 g. Colis de 100 portions.",
    "Unité de commande": "colis",
    "Prix": "46,00 EUR",
    "Prix à l'unité de mesure": "10,22 EUR / kg",
    "Prix à la portion": "0,46 EUR / Portion",
    "DLC garantie au client": "30 jour(s)"
  },
  {
    "Rayon": "Desserts Glaces",
    "Libellé produit": "Maxi flan nature cuit. diamètre 27 cm",
    "Marque": "TGT QUALITY",
    "Code Produit": 300705,
    "Température": "Surgele",
    "Conditionnement": "Pièce de 1.8 kg. Colis de 3 pièces.",
    "Unité de commande": "colis",
    "Prix": "29,20 EUR",
    "Prix à l'unité de mesure": "5,41 EUR / kg",
    "Prix à la portion": "9,73 EUR / pièce",
    "DLC garantie au client": "30 jour(s)"
  },
  {
    "Rayon": "Équipement Hygiène",
    "Libellé produit": "Papier aluminium en boîte. distributrice. dimensions : 0.45 x 200 m",
    "Marque": "TGT QUALITY",
    "Code Produit": 300714,
    "Température": "Ambiant",
    "Conditionnement": "Colis de 6 boites.",
    "Unité de commande": "boite",
    "Prix": "25,79 EUR",
    "Prix à l'unité de mesure": "",
    "Prix à la portion": "154,73 EUR / colis",
    "DLC garantie au client": ""
  },
  {
    "Rayon": "Crèmerie Œufs Fromages",
    "Libellé produit": "Mascarpone 42 % m.g.",
    "Marque": "TGT QUALITY",
    "Code Produit": 300718,
    "Température": "Frais",
    "Conditionnement": "Par pièce de 500 g. Colis de 6 pièces.",
    "Unité de commande": "pièce",
    "Prix": "4,39 EUR",
    "Prix à l'unité de mesure": "8,79 EUR / kg",
    "Prix à la portion": "26,36 EUR / colis",
    "DLC garantie au client": "7 jour(s)"
  },
  {
    "Rayon": "Charcuterie Traiteur",
    "Libellé produit": "Lasagnes bolognaises vbf",
    "Marque": "TGT QUALITY",
    "Code Produit": 300721,
    "Température": "Surgele",
    "Conditionnement": "Barquette de 2 kg. Colis de 3 barquettes.",
    "Unité de commande": "colis",
    "Prix": "25,50 EUR",
    "Prix à l'unité de mesure": "4,25 EUR / kg",
    "Prix à la portion": "8,50 EUR / barquette",
    "DLC garantie au client": "30 jour(s)"
  },
  {
    "Rayon": "Accompagnements Assaisonnement",
    "Libellé produit": "vinaigre vin rouge 6°",
    "Marque": "TGT ECONOMY",
    "Code Produit": 300734,
    "Température": "Ambiant",
    "Conditionnement": "Par bouteille de 1 litre. Colis de 12 bouteilles.",
    "Unité de commande": "bouteille",
    "Prix": "1,00 EUR",
    "Prix à l'unité de mesure": "1,00 EUR / L",
    "Prix à la portion": "12,02 EUR / colis",
    "DLC garantie au client": ""
  },
  {
    "Rayon": "Pains Viennoiserie Pâtes",
    "Libellé produit": "Mini pain aux raisins beurre. fin - pret à cuire",
    "Marque": "TGT QUALITY",
    "Code Produit": 300737,
    "Température": "Surgele",
    "Conditionnement": "Portion de 30 g. Colis de 160 portions.",
    "Unité de commande": "colis",
    "Prix": "26,53 EUR",
    "Prix à l'unité de mesure": "5,53 EUR / kg",
    "Prix à la portion": "0,17 EUR / Portion",
    "DLC garantie au client": "30 jour(s)"
  },
  {
    "Rayon": "Pains Viennoiserie Pâtes",
    "Libellé produit": "Mini pain au chocolat. beurre fin - pret à cuire",
    "Marque": "TGT QUALITY",
    "Code Produit": 300738,
    "Température": "Surgele",
    "Conditionnement": "Portion de 25 g. Colis de 160 portions.",
    "Unité de commande": "colis",
    "Prix": "24,43 EUR",
    "Prix à l'unité de mesure": "6,11 EUR / kg",
    "Prix à la portion": "0,15 EUR / Portion",
    "DLC garantie au client": "30 jour(s)"
  },
  {
    "Rayon": "Équipement Hygiène",
    "Libellé produit": "Serviettes 30 x 30 cm. blanche. 2 plis",
    "Marque": "TGT QUALITY",
    "Code Produit": 300739,
    "Température": "Ambiant",
    "Conditionnement": "Colis de 16 paquets. Paquet de 200 portions.",
    "Unité de commande": "colis",
    "Prix": "44,69 EUR",
    "Prix à l'unité de mesure": "",
    "Prix à la portion": "2,79 EUR / paquet",
    "DLC garantie au client": ""
  },
  {
    "Rayon": "Desserts Glaces",
    "Libellé produit": "Brownie chocolat prédécoupé. et noix de pécan. part de 83 g",
    "Marque": "TGT QUALITY",
    "Code Produit": 300745,
    "Température": "Surgele",
    "Conditionnement": "Portion de 83.333 g. Plaque de 30 portions.",
    "Unité de commande": "plaque",
    "Prix": "26,60 EUR",
    "Prix à l'unité de mesure": "10,64 EUR / kg",
    "Prix à la portion": "0,89 EUR / Portion",
    "DLC garantie au client": "30 jour(s)"
  },
  {
    "Rayon": "Accompagnements Assaisonnement",
    "Libellé produit": "Ail coupé",
    "Marque": "TGT QUALITY",
    "Code Produit": 300760,
    "Température": "Surgele",
    "Conditionnement": "Par sachet de 1 kg. Colis de 5 sachets.",
    "Unité de commande": "sachet",
    "Prix": "3,92 EUR",
    "Prix à l'unité de mesure": "3,92 EUR / kg",
    "Prix à la portion": "19,59 EUR / colis",
    "DLC garantie au client": "30 jour(s)"
  },
  {
    "Rayon": "Accompagnements Assaisonnement",
    "Libellé produit": "Sel dosette",
    "Marque": "TGT ECONOMY",
    "Code Produit": 300778,
    "Température": "Ambiant",
    "Conditionnement": "Portion de 0.8 g. Colis de 2000 portions.",
    "Unité de commande": "colis",
    "Prix": "5,11 EUR",
    "Prix à l'unité de mesure": "3,19 EUR / kg",
    "Prix à la portion": "0,00 EUR / Portion",
    "DLC garantie au client": "30 jour(s)"
  },
  {
    "Rayon": "Accompagnements Assaisonnement",
    "Libellé produit": "Poivre dosette",
    "Marque": "TGT ECONOMY",
    "Code Produit": 300779,
    "Température": "Ambiant",
    "Conditionnement": "Portion de 0.14 g. Colis de 2000 portions.",
    "Unité de commande": "colis",
    "Prix": "13,14 EUR",
    "Prix à l'unité de mesure": "46,93 EUR / kg",
    "Prix à la portion": "0,01 EUR / Portion",
    "DLC garantie au client": "30 jour(s)"
  },
  {
    "Rayon": "Crèmerie Œufs Fromages",
    "Libellé produit": "Beurre doux 82% m.g.",
    "Marque": "TGT QUALITY",
    "Code Produit": 300782,
    "Température": "Frais",
    "Conditionnement": "Par plaque de 250 g. Colis de 40 plaques.",
    "Unité de commande": "plaque",
    "Prix": "2,64 EUR",
    "Prix à l'unité de mesure": "10,58 EUR / kg",
    "Prix à la portion": "105,76 EUR / colis",
    "DLC garantie au client": "7 jour(s)"
  },
  {
    "Rayon": "Crèmerie Œufs Fromages",
    "Libellé produit": "Parmigiano reggiano 22 mois. aop",
    "Marque": "TGT QUALITY",
    "Code Produit": 300796,
    "Température": "Frais",
    "Conditionnement": "Par sachet de 1 kg. Colis de 10 sachets.",
    "Unité de commande": "sachet",
    "Prix": "18,80 EUR",
    "Prix à l'unité de mesure": "18,80 EUR / kg",
    "Prix à la portion": "188,04 EUR / colis",
    "DLC garantie au client": "7 jour(s)"
  },
  {
    "Rayon": "Poissons Coquillages Crustacés",
    "Libellé produit": "Filet de haddock moyen fumé à. l'ancienne. msc",
    "Marque": "TGT ORIGINE",
    "Code Produit": 300800,
    "Température": "Frais",
    "Conditionnement": "Par pièce de 3 kg.",
    "Unité de commande": "pièce",
    "Prix": "77,70 EUR",
    "Prix à l'unité de mesure": "25,90 EUR / kg",
    "Prix à la portion": "",
    "DLC garantie au client": "2 jour(s)"
  },
  {
    "Rayon": "Accompagnements Assaisonnement",
    "Libellé produit": "Pommes dauphines",
    "Marque": "TGT QUALITY",
    "Code Produit": 300825,
    "Température": "Surgele",
    "Conditionnement": "Par sachet de 2.5 kg. Colis de 4 sachets.",
    "Unité de commande": "sachet",
    "Prix": "10,50 EUR",
    "Prix à l'unité de mesure": "4,20 EUR / kg",
    "Prix à la portion": "42,01 EUR / colis",
    "DLC garantie au client": "30 jour(s)"
  },
  {
    "Rayon": "Charcuterie Traiteur",
    "Libellé produit": "Croque monsieur. emballé individuellement",
    "Marque": "TGT PREMIUM",
    "Code Produit": 300845,
    "Température": "Surgele",
    "Conditionnement": "Portion de 250 g. Colis de 12 portions.",
    "Unité de commande": "colis",
    "Prix": "48,30 EUR",
    "Prix à l'unité de mesure": "16,10 EUR / kg",
    "Prix à la portion": "4,03 EUR / Portion",
    "DLC garantie au client": "30 jour(s)"
  },
  {
    "Rayon": "Accompagnements Assaisonnement",
    "Libellé produit": "Riz étuvé indica. qualité supérieure",
    "Marque": "TGT QUALITY",
    "Code Produit": 300859,
    "Température": "Ambiant",
    "Conditionnement": "Par sac de 5 kg.",
    "Unité de commande": "sac",
    "Prix": "10,32 EUR",
    "Prix à l'unité de mesure": "2,06 EUR / kg",
    "Prix à la portion": "",
    "DLC garantie au client": "30 jour(s)"
  },
  {
    "Rayon": "Accompagnements Assaisonnement",
    "Libellé produit": "huile de tournesol",
    "Marque": "TGT ECONOMY",
    "Code Produit": 300862,
    "Température": "Ambiant",
    "Conditionnement": "Par bidon de 5 litre. Colis de 3 bidons.",
    "Unité de commande": "bidon",
    "Prix": "9,77 EUR",
    "Prix à l'unité de mesure": "1,95 EUR / L",
    "Prix à la portion": "29,31 EUR / colis",
    "DLC garantie au client": "30 jour(s)"
  },
  {
    "Rayon": "Épicerie",
    "Libellé produit": "Miel d'acacia liquide pot. verre de 28 g",
    "Marque": "TGT QUALITY",
    "Code Produit": 300867,
    "Température": "Ambiant",
    "Conditionnement": "Portion de 28 g. Colis de 48 portions.",
    "Unité de commande": "colis",
    "Prix": "39,01 EUR",
    "Prix à l'unité de mesure": "29,03 EUR / kg",
    "Prix à la portion": "0,81 EUR / Portion",
    "DLC garantie au client": "30 jour(s)"
  },
  {
    "Rayon": "Viandes Volailles Gibier",
    "Libellé produit": "Cordon bleu de dinde cuit",
    "Marque": "TGT QUALITY",
    "Code Produit": 300868,
    "Température": "Surgele",
    "Conditionnement": "Portion de 125 g. Colis de 40 portions.",
    "Unité de commande": "colis",
    "Prix": "26,26 EUR",
    "Prix à l'unité de mesure": "5,25 EUR / kg",
    "Prix à la portion": "0,66 EUR / Portion",
    "DLC garantie au client": "30 jour(s)"
  },
  {
    "Rayon": "Poissons Coquillages Crustacés",
    "Libellé produit": "Filet de saumon islande avec. peau sans aretes asc",
    "Marque": "TGT ORIGINE",
    "Code Produit": 300881,
    "Température": "Frais",
    "Conditionnement": "Par poche de 1.7 kg.",
    "Unité de commande": "poche",
    "Prix": "39,04 EUR",
    "Prix à l'unité de mesure": "22,97 EUR / kg",
    "Prix à la portion": "",
    "DLC garantie au client": "2 jour(s)"
  },
  {
    "Rayon": "Poissons Coquillages Crustacés",
    "Libellé produit": "Moule entière cuite bio",
    "Marque": "TGT ORIGINE",
    "Code Produit": 300909,
    "Température": "Surgele",
    "Conditionnement": "Par colis de 5 kg.",
    "Unité de commande": "colis",
    "Prix": "18,76 EUR",
    "Prix à l'unité de mesure": "3,75 EUR / kg",
    "Prix à la portion": "",
    "DLC garantie au client": "30 jour(s)"
  },
  {
    "Rayon": "Crèmerie Œufs Fromages",
    "Libellé produit": "Cantal entre deux au lait cru. AOP 30% m.g.",
    "Marque": "TGT ORIGINE",
    "Code Produit": 300913,
    "Température": "Frais",
    "Conditionnement": "Par pièce de 1.296 kg. Colis de 4 pièces.",
    "Unité de commande": "pièce",
    "Prix": "16,14 EUR",
    "Prix à l'unité de mesure": "12,46 EUR / kg",
    "Prix à la portion": "64,57 EUR / colis",
    "DLC garantie au client": "7 jour(s)"
  },
  {
    "Rayon": "Charcuterie Traiteur",
    "Libellé produit": "Chorizo de porc doux. domaine abotia",
    "Marque": "TGT ORIGINE",
    "Code Produit": 300921,
    "Température": "Frais",
    "Conditionnement": "Portion de 350 g. Poche de 4 portions.",
    "Unité de commande": "poche",
    "Prix": "32,37 EUR",
    "Prix à l'unité de mesure": "23,12 EUR / kg",
    "Prix à la portion": "8,09 EUR / Portion",
    "DLC garantie au client": "7 jour(s)"
  },
  {
    "Rayon": "Charcuterie Traiteur",
    "Libellé produit": "Chorizo de porc fort. domaine Abotia",
    "Marque": "TGT ORIGINE",
    "Code Produit": 300922,
    "Température": "Frais",
    "Conditionnement": "Portion de 350 g. Poche de 4 portions.",
    "Unité de commande": "poche",
    "Prix": "32,37 EUR",
    "Prix à l'unité de mesure": "23,12 EUR / kg",
    "Prix à la portion": "8,09 EUR / Portion",
    "DLC garantie au client": "7 jour(s)"
  },
  {
    "Rayon": "Charcuterie Traiteur",
    "Libellé produit": "Jésus de porc domaine abotia",
    "Marque": "TGT ORIGINE",
    "Code Produit": 300924,
    "Température": "Frais",
    "Conditionnement": "Portion de 800 g. Poche de 2 portions.",
    "Unité de commande": "poche",
    "Prix": "36,76 EUR",
    "Prix à l'unité de mesure": "22,97 EUR / kg",
    "Prix à la portion": "18,38 EUR / Portion",
    "DLC garantie au client": "7 jour(s)"
  },
  {
    "Rayon": "Charcuterie Traiteur",
    "Libellé produit": "Saucisson sec. domaine abotia",
    "Marque": "TGT ORIGINE",
    "Code Produit": 300925,
    "Température": "Frais",
    "Conditionnement": "Portion de 280 g. Poche de 5 portions.",
    "Unité de commande": "poche",
    "Prix": "34,23 EUR",
    "Prix à l'unité de mesure": "24,45 EUR / kg",
    "Prix à la portion": "6,85 EUR / Portion",
    "DLC garantie au client": "7 jour(s)"
  },
  {
    "Rayon": "Charcuterie Traiteur",
    "Libellé produit": "Saucisse sèche de porc. domaine abotia",
    "Marque": "TGT ORIGINE",
    "Code Produit": 300926,
    "Température": "Frais",
    "Conditionnement": "Portion de 130 g. Poche de 10 portions.",
    "Unité de commande": "poche",
    "Prix": "31,78 EUR",
    "Prix à l'unité de mesure": "24,45 EUR / kg",
    "Prix à la portion": "3,18 EUR / Portion",
    "DLC garantie au client": "7 jour(s)"
  },
  {
    "Rayon": "Charcuterie Traiteur",
    "Libellé produit": "Ventrèche de porc sèche. domaine ABOTIA",
    "Marque": "TGT ORIGINE",
    "Code Produit": 300927,
    "Température": "Frais",
    "Conditionnement": "Par pièce de 2.7 kg. Colis de 4 pièces.",
    "Unité de commande": "pièce",
    "Prix": "46,31 EUR",
    "Prix à l'unité de mesure": "17,15 EUR / kg",
    "Prix à la portion": "185,25 EUR / colis",
    "DLC garantie au client": "7 jour(s)"
  },
  {
    "Rayon": "Crèmerie Œufs Fromages",
    "Libellé produit": "Ossau iraty 1/4 aop 35% m.g.. grand affinage (9 mois mini)",
    "Marque": "TGT ORIGINE",
    "Code Produit": 300952,
    "Température": "Frais",
    "Conditionnement": "Par pièce de 1.13 kg. Colis de 4 pièces.",
    "Unité de commande": "pièce",
    "Prix": "30,30 EUR",
    "Prix à l'unité de mesure": "26,81 EUR / kg",
    "Prix à la portion": "121,19 EUR / colis",
    "DLC garantie au client": "7 jour(s)"
  },
  {
    "Rayon": "Épicerie",
    "Libellé produit": "Corn flakes nature",
    "Marque": "TGT QUALITY",
    "Code Produit": 300964,
    "Température": "Ambiant",
    "Conditionnement": "Par sachet de 1 kg. Colis de 6 sachets.",
    "Unité de commande": "sachet",
    "Prix": "5,01 EUR",
    "Prix à l'unité de mesure": "5,01 EUR / kg",
    "Prix à la portion": "30,07 EUR / colis",
    "DLC garantie au client": "30 jour(s)"
  },
  {
    "Rayon": "Épicerie",
    "Libellé produit": "Muesli mix fruit",
    "Marque": "TGT QUALITY",
    "Code Produit": 300966,
    "Température": "Ambiant",
    "Conditionnement": "Par sachet de 1 kg. Colis de 10 sachets.",
    "Unité de commande": "sachet",
    "Prix": "6,38 EUR",
    "Prix à l'unité de mesure": "6,38 EUR / kg",
    "Prix à la portion": "63,84 EUR / colis",
    "DLC garantie au client": "30 jour(s)"
  },
  {
    "Rayon": "Épicerie",
    "Libellé produit": "Cerneau noix arlequin invalide. import ambré",
    "Marque": "LEGAVE",
    "Code Produit": 300971,
    "Température": "Ambiant",
    "Conditionnement": "Par sachet de 1 kg. Colis de 12 sachets.",
    "Unité de commande": "sachet",
    "Prix": "7,09 EUR",
    "Prix à l'unité de mesure": "7,09 EUR / kg",
    "Prix à la portion": "85,13 EUR / colis",
    "DLC garantie au client": "30 jour(s)"
  },
  {
    "Rayon": "Accompagnements Assaisonnement",
    "Libellé produit": "Pommes sautées",
    "Marque": "TGT QUALITY",
    "Code Produit": 301019,
    "Température": "Surgele",
    "Conditionnement": "Par sachet de 2.5 kg. Colis de 4 sachets.",
    "Unité de commande": "sachet",
    "Prix": "5,55 EUR",
    "Prix à l'unité de mesure": "2,22 EUR / kg",
    "Prix à la portion": "22,18 EUR / colis",
    "DLC garantie au client": "30 jour(s)"
  },
  {
    "Rayon": "Charcuterie Traiteur",
    "Libellé produit": "Coppa porc abotia",
    "Marque": "TGT ORIGINE",
    "Code Produit": 301034,
    "Température": "Frais",
    "Conditionnement": "Par pièce de 1.1 kg. Colis de 5 pièces.",
    "Unité de commande": "pièce",
    "Prix": "27,70 EUR",
    "Prix à l'unité de mesure": "25,19 EUR / kg",
    "Prix à la portion": "138,52 EUR / colis",
    "DLC garantie au client": "7 jour(s)"
  },
  {
    "Rayon": "Accompagnements Assaisonnement",
    "Libellé produit": "Ketchup",
    "Marque": "TGT QUALITY",
    "Code Produit": 301041,
    "Température": "Ambiant",
    "Conditionnement": "Portion de 10 g. Colis de 600 portions.",
    "Unité de commande": "colis",
    "Prix": "18,89 EUR",
    "Prix à l'unité de mesure": "3,15 EUR / kg",
    "Prix à la portion": "0,03 EUR / Portion",
    "DLC garantie au client": "30 jour(s)"
  },
  {
    "Rayon": "Épicerie",
    "Libellé produit": "Pistaches décortiquées. émondées",
    "Marque": "LEGAVE",
    "Code Produit": 301066,
    "Température": "Ambiant",
    "Conditionnement": "Par sachet de 1 kg. Colis de 10 sachets.",
    "Unité de commande": "sachet",
    "Prix": "39,99 EUR",
    "Prix à l'unité de mesure": "39,99 EUR / kg",
    "Prix à la portion": "399,85 EUR / colis",
    "DLC garantie au client": "30 jour(s)"
  },
  {
    "Rayon": "Équipement Hygiène",
    "Libellé produit": "Sac à déchets noir 130l. bd ++",
    "Marque": "TGT QUALITY",
    "Code Produit": 301083,
    "Température": "Ambiant",
    "Conditionnement": "Colis de 20 rouleaux. Rouleau de 10 portions.",
    "Unité de commande": "colis",
    "Prix": "34,58 EUR",
    "Prix à l'unité de mesure": "",
    "Prix à la portion": "1,73 EUR / rouleau",
    "DLC garantie au client": ""
  },
  {
    "Rayon": "Équipement Hygiène",
    "Libellé produit": "Sac à déchets noir 160l. bd rfc",
    "Marque": "TGT QUALITY",
    "Code Produit": 301084,
    "Température": "Ambiant",
    "Conditionnement": "Colis de 10 rouleaux. Rouleau de 10 portions.",
    "Unité de commande": "colis",
    "Prix": "28,41 EUR",
    "Prix à l'unité de mesure": "",
    "Prix à la portion": "2,84 EUR / rouleau",
    "DLC garantie au client": ""
  },
  {
    "Rayon": "Équipement Hygiène",
    "Libellé produit": "Sac à dechets noir 160l. bd",
    "Marque": "TGT QUALITY",
    "Code Produit": 301085,
    "Température": "Ambiant",
    "Conditionnement": "Colis de 10 rouleaux. Rouleau de 10 portions.",
    "Unité de commande": "colis",
    "Prix": "18,19 EUR",
    "Prix à l'unité de mesure": "",
    "Prix à la portion": "1,82 EUR / rouleau",
    "DLC garantie au client": ""
  },
  {
    "Rayon": "Équipement Hygiène",
    "Libellé produit": "Sac à dechets noir 110l. bd",
    "Marque": "TGT QUALITY",
    "Code Produit": 301089,
    "Température": "Ambiant",
    "Conditionnement": "Colis de 10 rouleaux. Rouleau de 20 portions.",
    "Unité de commande": "colis",
    "Prix": "21,86 EUR",
    "Prix à l'unité de mesure": "",
    "Prix à la portion": "2,19 EUR / rouleau",
    "DLC garantie au client": ""
  },
  {
    "Rayon": "Équipement Hygiène",
    "Libellé produit": "Gobelet carton. contenance 25cl",
    "Marque": "TGT QUALITY",
    "Code Produit": 301093,
    "Température": "Ambiant",
    "Conditionnement": "Sachet de 50 portions.",
    "Unité de commande": "sachet",
    "Prix": "2,35 EUR",
    "Prix à l'unité de mesure": "",
    "Prix à la portion": "0,05 EUR / Portion",
    "DLC garantie au client": ""
  },
  {
    "Rayon": "Charcuterie Traiteur",
    "Libellé produit": "Jambon de Bayonne IGP domaine. Abotia affinage 24 mois",
    "Marque": "TGT ORIGINE",
    "Code Produit": 301102,
    "Température": "Frais",
    "Conditionnement": "Portion de 20 g. Barquette de 20 portions.",
    "Unité de commande": "barquette",
    "Prix": "17,53 EUR",
    "Prix à l'unité de mesure": "43,83 EUR / kg",
    "Prix à la portion": "0,88 EUR / Portion",
    "DLC garantie au client": "7 jour(s)"
  },
  {
    "Rayon": "Pains Viennoiserie Pâtes",
    "Libellé produit": "Croissant beurre prêt à cuire. bio",
    "Marque": "TGT NATURA",
    "Code Produit": 301106,
    "Température": "Surgele",
    "Conditionnement": "Portion de 70 g. Colis de 60 portions.",
    "Unité de commande": "colis",
    "Prix": "36,53 EUR",
    "Prix à l'unité de mesure": "8,70 EUR / kg",
    "Prix à la portion": "0,61 EUR / Portion",
    "DLC garantie au client": "30 jour(s)"
  },
  {
    "Rayon": "Pains Viennoiserie Pâtes",
    "Libellé produit": "Baguette précuite bio",
    "Marque": "TGT NATURA",
    "Code Produit": 301107,
    "Température": "Surgele",
    "Conditionnement": "Portion de 280 g. Colis de 22 portions.",
    "Unité de commande": "colis",
    "Prix": "22,28 EUR",
    "Prix à l'unité de mesure": "3,62 EUR / kg",
    "Prix à la portion": "1,01 EUR / Portion",
    "DLC garantie au client": "30 jour(s)"
  },
  {
    "Rayon": "Crèmerie Œufs Fromages",
    "Libellé produit": "Crème liquide UHT 18% M.G.",
    "Marque": "TGT ECONOMY",
    "Code Produit": 301109,
    "Température": "Frais",
    "Conditionnement": "Brick de 1 litre. Colis de 12 bricks.",
    "Unité de commande": "colis",
    "Prix": "34,93 EUR",
    "Prix à l'unité de mesure": "2,91 EUR / L",
    "Prix à la portion": "2,91 EUR / brick",
    "DLC garantie au client": "7 jour(s)"
  },
  {
    "Rayon": "Crèmerie Œufs Fromages",
    "Libellé produit": "Crème liquide UHT 30% M.G.",
    "Marque": "TGT ECONOMY",
    "Code Produit": 301110,
    "Température": "Frais",
    "Conditionnement": "Brick de 1 litre. Colis de 12 bricks.",
    "Unité de commande": "colis",
    "Prix": "46,86 EUR",
    "Prix à l'unité de mesure": "3,91 EUR / L",
    "Prix à la portion": "3,91 EUR / brick",
    "DLC garantie au client": "7 jour(s)"
  },
  {
    "Rayon": "Crèmerie Œufs Fromages",
    "Libellé produit": "Crème liquide UHT 35% M.G.",
    "Marque": "TGT ECONOMY",
    "Code Produit": 301111,
    "Température": "Frais",
    "Conditionnement": "Brick de 1 litre. Colis de 12 bricks.",
    "Unité de commande": "colis",
    "Prix": "48,74 EUR",
    "Prix à l'unité de mesure": "4,06 EUR / L",
    "Prix à la portion": "4,06 EUR / brick",
    "DLC garantie au client": "7 jour(s)"
  },
  {
    "Rayon": "Desserts Glaces",
    "Libellé produit": "Millefeuille",
    "Marque": "TGT ECONOMY",
    "Code Produit": 301126,
    "Température": "Surgele",
    "Conditionnement": "Portion de 65 g. Boite de 36 portions.",
    "Unité de commande": "boite",
    "Prix": "18,23 EUR",
    "Prix à l'unité de mesure": "7,79 EUR / kg",
    "Prix à la portion": "0,51 EUR / Portion",
    "DLC garantie au client": "30 jour(s)"
  },
  {
    "Rayon": "Épicerie",
    "Libellé produit": "Amande cacaotée",
    "Marque": "TGT QUALITY",
    "Code Produit": 301134,
    "Température": "Ambiant",
    "Conditionnement": "Portion de 3 g. Tubo de 200 portions.",
    "Unité de commande": "tubo",
    "Prix": "13,38 EUR",
    "Prix à l'unité de mesure": "22,31 EUR / kg",
    "Prix à la portion": "0,07 EUR / Portion",
    "DLC garantie au client": "30 jour(s)"
  },
  {
    "Rayon": "Équipement Hygiène",
    "Libellé produit": "Papier cuisson. gn 1/1. dimension 530x325m",
    "Marque": "LEGAVE",
    "Code Produit": 301137,
    "Température": "Ambiant",
    "Conditionnement": "Boite de 500 portions.",
    "Unité de commande": "boite",
    "Prix": "22,40 EUR",
    "Prix à l'unité de mesure": "",
    "Prix à la portion": "0,04 EUR / Portion",
    "DLC garantie au client": ""
  },
  {
    "Rayon": "Charcuterie Traiteur",
    "Libellé produit": "Lomo de porc abotia. au piments d'Espelette. 50 tranches",
    "Marque": "TGT ORIGINE",
    "Code Produit": 301142,
    "Température": "Frais",
    "Conditionnement": "Portion de 6.2 g. Barquette de 50 portions.",
    "Unité de commande": "barquette",
    "Prix": "14,11 EUR",
    "Prix à l'unité de mesure": "45,52 EUR / kg",
    "Prix à la portion": "0,28 EUR / Portion",
    "DLC garantie au client": "7 jour(s)"
  },
  {
    "Rayon": "Pâtisserie Biscuiterie Confiserie",
    "Libellé produit": "Graisse pour moule et plaque",
    "Marque": "TGT QUALITY",
    "Code Produit": 301149,
    "Température": "Ambiant",
    "Conditionnement": "Par bombe de 600 ml. Colis de 12 bombes.",
    "Unité de commande": "bombe",
    "Prix": "2,94 EUR",
    "Prix à l'unité de mesure": "4,90 EUR / L",
    "Prix à la portion": "35,29 EUR / colis",
    "DLC garantie au client": "30 jour(s)"
  },
  {
    "Rayon": "Crèmerie Œufs Fromages",
    "Libellé produit": "Comté 1/16ème meule 8 mois. d'affinage AOP 34% m.g.",
    "Marque": "TGT ORIGINE",
    "Code Produit": 301152,
    "Température": "Frais",
    "Conditionnement": "Par pièce de 2 kg. Colis de 4 pièces.",
    "Unité de commande": "pièce",
    "Prix": "31,20 EUR",
    "Prix à l'unité de mesure": "15,60 EUR / kg",
    "Prix à la portion": "124,80 EUR / colis",
    "DLC garantie au client": "7 jour(s)"
  },
  {
    "Rayon": "Accompagnements Assaisonnement",
    "Libellé produit": "Huile friture",
    "Marque": "TGT ECONOMY",
    "Code Produit": 301181,
    "Température": "Ambiant",
    "Conditionnement": "Par bidon de 5 litre. Colis de 3 bidons.",
    "Unité de commande": "bidon",
    "Prix": "10,86 EUR",
    "Prix à l'unité de mesure": "2,17 EUR / L",
    "Prix à la portion": "32,57 EUR / colis",
    "DLC garantie au client": "30 jour(s)"
  },
  {
    "Rayon": "Poissons Coquillages Crustacés",
    "Libellé produit": "Huitre marenne oléron. numéro 2- igp",
    "Marque": "TGT ORIGINE",
    "Code Produit": 301215,
    "Température": "Frais",
    "Conditionnement": "Portion de 104.167 g. Colis de 48 portions.",
    "Unité de commande": "colis",
    "Prix": "39,79 EUR",
    "Prix à l'unité de mesure": "7,96 EUR / kg",
    "Prix à la portion": "0,83 EUR / Portion",
    "DLC garantie au client": ""
  },
  {
    "Rayon": "Poissons Coquillages Crustacés",
    "Libellé produit": "Huitre marennes d'oléron. numéro 3 igp",
    "Marque": "TGT ORIGINE",
    "Code Produit": 301219,
    "Température": "Frais",
    "Conditionnement": "Portion de 83.333 g. Colis de 48 portions.",
    "Unité de commande": "colis",
    "Prix": "35,46 EUR",
    "Prix à l'unité de mesure": "8,87 EUR / kg",
    "Prix à la portion": "0,74 EUR / Portion",
    "DLC garantie au client": ""
  },
  {
    "Rayon": "Épicerie",
    "Libellé produit": "Salade 5 fruits",
    "Marque": "TGT QUALITY",
    "Code Produit": 301226,
    "Température": "Frais",
    "Conditionnement": "Par seau de 3 litre.",
    "Unité de commande": "seau",
    "Prix": "11,33 EUR",
    "Prix à l'unité de mesure": "3,78 EUR / L",
    "Prix à la portion": "",
    "DLC garantie au client": "5 jour(s)"
  },
  {
    "Rayon": "Épicerie",
    "Libellé produit": "Salade de fruits. petites découpes",
    "Marque": "TGT QUALITY",
    "Code Produit": 301227,
    "Température": "Frais",
    "Conditionnement": "Par seau de 3 litre.",
    "Unité de commande": "seau",
    "Prix": "10,51 EUR",
    "Prix à l'unité de mesure": "3,50 EUR / L",
    "Prix à la portion": "",
    "DLC garantie au client": "5 jour(s)"
  },
  {
    "Rayon": "Épicerie",
    "Libellé produit": "Segment d'orange",
    "Marque": "TGT QUALITY",
    "Code Produit": 301228,
    "Température": "Frais",
    "Conditionnement": "Par seau de 3 litre.",
    "Unité de commande": "seau",
    "Prix": "14,82 EUR",
    "Prix à l'unité de mesure": "4,94 EUR / L",
    "Prix à la portion": "",
    "DLC garantie au client": "5 jour(s)"
  },
  {
    "Rayon": "Épicerie",
    "Libellé produit": "Segment pamplemousse",
    "Marque": "TGT QUALITY",
    "Code Produit": 301229,
    "Température": "Frais",
    "Conditionnement": "Par seau de 3 litre.",
    "Unité de commande": "seau",
    "Prix": "12,52 EUR",
    "Prix à l'unité de mesure": "4,17 EUR / L",
    "Prix à la portion": "",
    "DLC garantie au client": "5 jour(s)"
  },
  {
    "Rayon": "Épicerie",
    "Libellé produit": "Salade 6 fruits",
    "Marque": "TGT QUALITY",
    "Code Produit": 301230,
    "Température": "Frais",
    "Conditionnement": "Par seau de 3 litre.",
    "Unité de commande": "seau",
    "Prix": "11,49 EUR",
    "Prix à l'unité de mesure": "3,83 EUR / L",
    "Prix à la portion": "",
    "DLC garantie au client": "5 jour(s)"
  },
  {
    "Rayon": "Épicerie",
    "Libellé produit": "Salade 4 fruits exotiques",
    "Marque": "TGT QUALITY",
    "Code Produit": 301232,
    "Température": "Frais",
    "Conditionnement": "Par seau de 3 litre.",
    "Unité de commande": "seau",
    "Prix": "12,92 EUR",
    "Prix à l'unité de mesure": "4,31 EUR / L",
    "Prix à la portion": "",
    "DLC garantie au client": "5 jour(s)"
  },
  {
    "Rayon": "Desserts Glaces",
    "Libellé produit": "Crème glacée vanille Bourbon",
    "Marque": "TGT QUALITY",
    "Code Produit": 301250,
    "Température": "Surgele",
    "Conditionnement": "Par bac de 2.5 litre. Colis de 4 bacs.",
    "Unité de commande": "bac",
    "Prix": "7,30 EUR",
    "Prix à l'unité de mesure": "2,92 EUR / L",
    "Prix à la portion": "29,18 EUR / colis",
    "DLC garantie au client": "30 jour(s)"
  },
  {
    "Rayon": "Desserts Glaces",
    "Libellé produit": "Crème glacée vanille bourbon",
    "Marque": "TGT QUALITY",
    "Code Produit": 301269,
    "Température": "Surgele",
    "Conditionnement": "Par bac de 5 litre. Colis de 2 bacs.",
    "Unité de commande": "bac",
    "Prix": "13,06 EUR",
    "Prix à l'unité de mesure": "2,61 EUR / L",
    "Prix à la portion": "26,11 EUR / colis",
    "DLC garantie au client": "30 jour(s)"
  },
  {
    "Rayon": "Charcuterie Traiteur",
    "Libellé produit": "Jambon sec supérieur. avec intercalaires. 25 tranches",
    "Marque": "TGT QUALITY",
    "Code Produit": 301328,
    "Température": "Frais",
    "Conditionnement": "Par barquette de 500 g. Colis de 4 barquettes.",
    "Unité de commande": "barquette",
    "Prix": "8,32 EUR",
    "Prix à l'unité de mesure": "16,63 EUR / kg",
    "Prix à la portion": "33,26 EUR / colis",
    "DLC garantie au client": "7 jour(s)"
  },
  {
    "Rayon": "Poissons Coquillages Crustacés",
    "Libellé produit": "Filet de lieu noir MSC sans. sans peau de mer du Nord ou. Ecosse",
    "Marque": "TGT ORIGINE",
    "Code Produit": 301350,
    "Température": "Frais",
    "Conditionnement": "Portion de 300 g. Colis de 10 portions.",
    "Unité de commande": "colis",
    "Prix": "31,63 EUR",
    "Prix à l'unité de mesure": "10,54 EUR / kg",
    "Prix à la portion": "3,16 EUR / Portion",
    "DLC garantie au client": ""
  },
  {
    "Rayon": "Charcuterie Traiteur",
    "Libellé produit": "Rosette. tranche 5 g. 50 tranche",
    "Marque": "TGT QUALITY",
    "Code Produit": 301397,
    "Température": "Frais",
    "Conditionnement": "Portion de 5 g. Barquette de 50 portions.",
    "Unité de commande": "barquette",
    "Prix": "2,65 EUR",
    "Prix à l'unité de mesure": "10,59 EUR / kg",
    "Prix à la portion": "0,05 EUR / Portion",
    "DLC garantie au client": "7 jour(s)"
  },
  {
    "Rayon": "Charcuterie Traiteur",
    "Libellé produit": "Rosette en tranche de 10 gr. 50 tranches",
    "Marque": "TGT QUALITY",
    "Code Produit": 301398,
    "Température": "Frais",
    "Conditionnement": "Portion de 10 g. Barquette de 50 portions.",
    "Unité de commande": "barquette",
    "Prix": "4,93 EUR",
    "Prix à l'unité de mesure": "9,86 EUR / kg",
    "Prix à la portion": "0,10 EUR / Portion",
    "DLC garantie au client": "7 jour(s)"
  },
  {
    "Rayon": "Charcuterie Traiteur",
    "Libellé produit": "Lomo porc abotia. au piment d'Espelette",
    "Marque": "TGT ORIGINE",
    "Code Produit": 301399,
    "Température": "Frais",
    "Conditionnement": "Par poche de 1 kg. Colis de 5 poches.",
    "Unité de commande": "poche",
    "Prix": "27,32 EUR",
    "Prix à l'unité de mesure": "27,32 EUR / kg",
    "Prix à la portion": "136,61 EUR / colis",
    "DLC garantie au client": "7 jour(s)"
  },
  {
    "Rayon": "Boissons",
    "Libellé produit": "Jus d'orange",
    "Marque": "TGT QUALITY",
    "Code Produit": 301409,
    "Température": "Ambiant",
    "Conditionnement": "Brick de 1 litre. Colis de 6 bricks.",
    "Unité de commande": "colis",
    "Prix": "11,83 EUR",
    "Prix à l'unité de mesure": "1,97 EUR / L",
    "Prix à la portion": "1,97 EUR / brick",
    "DLC garantie au client": "30 jour(s)"
  },
  {
    "Rayon": "Boissons",
    "Libellé produit": "Jus de pomme",
    "Marque": "TGT QUALITY",
    "Code Produit": 301410,
    "Température": "Ambiant",
    "Conditionnement": "Brick de 1 litre. Colis de 6 bricks.",
    "Unité de commande": "colis",
    "Prix": "5,89 EUR",
    "Prix à l'unité de mesure": "0,98 EUR / L",
    "Prix à la portion": "0,98 EUR / brick",
    "DLC garantie au client": "30 jour(s)"
  },
  {
    "Rayon": "Boissons",
    "Libellé produit": "Nectar multifruits sans sucre",
    "Marque": "TGT QUALITY",
    "Code Produit": 301412,
    "Température": "Ambiant",
    "Conditionnement": "Brick de 1 litre. Colis de 6 bricks.",
    "Unité de commande": "colis",
    "Prix": "7,48 EUR",
    "Prix à l'unité de mesure": "1,25 EUR / L",
    "Prix à la portion": "1,25 EUR / brick",
    "DLC garantie au client": "30 jour(s)"
  },
  {
    "Rayon": "Pâtisserie Biscuiterie Confiserie",
    "Libellé produit": "Chocolat de laboratoire noir. 50% cacao minimum",
    "Marque": "LEGAVE",
    "Code Produit": 301421,
    "Température": "Ambiant",
    "Conditionnement": "Par sac de 5 kg. Colis de 4 sacs.",
    "Unité de commande": "sac",
    "Prix": "51,76 EUR",
    "Prix à l'unité de mesure": "10,35 EUR / kg",
    "Prix à la portion": "207,05 EUR / colis",
    "DLC garantie au client": "30 jour(s)"
  },
  {
    "Rayon": "Pâtisserie Biscuiterie Confiserie",
    "Libellé produit": "Chocolat de couverture noir. 72 %",
    "Marque": "LEGAVE",
    "Code Produit": 301424,
    "Température": "Ambiant",
    "Conditionnement": "Par sac de 5 kg. Colis de 4 sacs.",
    "Unité de commande": "sac",
    "Prix": "68,56 EUR",
    "Prix à l'unité de mesure": "13,71 EUR / kg",
    "Prix à la portion": "274,24 EUR / colis",
    "DLC garantie au client": "30 jour(s)"
  },
  {
    "Rayon": "Charcuterie Traiteur",
    "Libellé produit": "Thon listao morceaux",
    "Marque": "TGT ECONOMY",
    "Code Produit": 301451,
    "Température": "Ambiant",
    "Conditionnement": "Par boite 4/4 de 800 g. Colis de 12 boites 4/4.",
    "Unité de commande": "boite 4/4",
    "Prix": "5,75 EUR",
    "Prix à l'unité de mesure": "7,19 EUR / kg",
    "Prix à la portion": "69,05 EUR / colis",
    "DLC garantie au client": "60 jour(s)"
  },
  {
    "Rayon": "Équipement Hygiène",
    "Libellé produit": "Film alimentaire boîte. distributrice 300x0.45m. avec règlette de découpe à",
    "Marque": "TGT QUALITY",
    "Code Produit": 301452,
    "Température": "Ambiant",
    "Conditionnement": "Colis de 6 boites.",
    "Unité de commande": "boite",
    "Prix": "7,75 EUR",
    "Prix à l'unité de mesure": "",
    "Prix à la portion": "46,49 EUR / colis",
    "DLC garantie au client": ""
  },
  {
    "Rayon": "Équipement Hygiène",
    "Libellé produit": "Film alimentaire boîte. distributrice 300x0.30m. avec règlette de découpe à",
    "Marque": "TGT QUALITY",
    "Code Produit": 301453,
    "Température": "Ambiant",
    "Conditionnement": "Colis de 6 boites.",
    "Unité de commande": "boite",
    "Prix": "5,30 EUR",
    "Prix à l'unité de mesure": "",
    "Prix à la portion": "31,77 EUR / colis",
    "DLC garantie au client": ""
  },
  {
    "Rayon": "Accompagnements Assaisonnement",
    "Libellé produit": "Frites pré-frites. bi-température huile tournesol. calibre 9/9",
    "Marque": "TGT QUALITY",
    "Code Produit": 301492,
    "Température": "Surgele",
    "Conditionnement": "Sachet de 2.5 kg. Colis de 4 sachets.",
    "Unité de commande": "colis",
    "Prix": "22,40 EUR",
    "Prix à l'unité de mesure": "2,24 EUR / kg",
    "Prix à la portion": "5,60 EUR / sachet",
    "DLC garantie au client": "30 jour(s)"
  },
  {
    "Rayon": "Accompagnements Assaisonnement",
    "Libellé produit": "Frites pré-frites steakhouse",
    "Marque": "TGT QUALITY",
    "Code Produit": 301496,
    "Température": "Surgele",
    "Conditionnement": "Par sachet de 2.5 kg. Colis de 4 sachets.",
    "Unité de commande": "sachet",
    "Prix": "5,58 EUR",
    "Prix à l'unité de mesure": "2,23 EUR / kg",
    "Prix à la portion": "22,31 EUR / colis",
    "DLC garantie au client": "30 jour(s)"
  },
  {
    "Rayon": "Équipement Hygiène",
    "Libellé produit": "Plonge vaisselle concentré",
    "Marque": "TGT QUALITY",
    "Code Produit": 301504,
    "Température": "Ambiant",
    "Conditionnement": "Par bidon de 5 litre. Colis de 2 bidons.",
    "Unité de commande": "bidon",
    "Prix": "9,45 EUR",
    "Prix à l'unité de mesure": "1,89 EUR / L",
    "Prix à la portion": "18,91 EUR / colis",
    "DLC garantie au client": "30 jour(s)"
  },
  {
    "Rayon": "Épicerie",
    "Libellé produit": "Abricot sec entier dénoyauté",
    "Marque": "TGT QUALITY",
    "Code Produit": 301505,
    "Température": "Ambiant",
    "Conditionnement": "Par sachet de 1 kg. Colis de 10 sachets.",
    "Unité de commande": "sachet",
    "Prix": "9,29 EUR",
    "Prix à l'unité de mesure": "9,29 EUR / kg",
    "Prix à la portion": "92,86 EUR / colis",
    "DLC garantie au client": "30 jour(s)"
  },
  {
    "Rayon": "Desserts Glaces",
    "Libellé produit": "Sorbet à la mangue Alphonso. d'Inde",
    "Marque": "ATELIER DES ECRINS",
    "Code Produit": 301510,
    "Température": "Surgele",
    "Conditionnement": "Pot de 140 ml. Colis de 15 pots.",
    "Unité de commande": "colis",
    "Prix": "24,75 EUR",
    "Prix à l'unité de mesure": "11,79 EUR / L",
    "Prix à la portion": "1,65 EUR / pot",
    "DLC garantie au client": "30 jour(s)"
  },
  {
    "Rayon": "Accompagnements Assaisonnement",
    "Libellé produit": "Fleur de sel de Guerande IGP",
    "Marque": "TGT ORIGINE",
    "Code Produit": 301511,
    "Température": "Ambiant",
    "Conditionnement": "Par boite de 850 g. Colis de 6 boites.",
    "Unité de commande": "boite",
    "Prix": "12,76 EUR",
    "Prix à l'unité de mesure": "15,01 EUR / kg",
    "Prix à la portion": "76,57 EUR / colis",
    "DLC garantie au client": "30 jour(s)"
  },
  {
    "Rayon": "Desserts Glaces",
    "Libellé produit": "Crème glacée à la vanille de. Madagascar et noix de pécan",
    "Marque": "ATELIER DES ECRINS",
    "Code Produit": 301512,
    "Température": "Surgele",
    "Conditionnement": "Pot de 140 ml. Colis de 15 pots.",
    "Unité de commande": "colis",
    "Prix": "25,55 EUR",
    "Prix à l'unité de mesure": "12,16 EUR / L",
    "Prix à la portion": "1,70 EUR / pot",
    "DLC garantie au client": "30 jour(s)"
  },
  {
    "Rayon": "Desserts Glaces",
    "Libellé produit": "Crème glacée au caramel et. morceaux de brownie maison",
    "Marque": "ATELIER DES ECRINS",
    "Code Produit": 301513,
    "Température": "Surgele",
    "Conditionnement": "Pot de 140 ml. Colis de 15 pots.",
    "Unité de commande": "colis",
    "Prix": "24,75 EUR",
    "Prix à l'unité de mesure": "11,79 EUR / L",
    "Prix à la portion": "1,65 EUR / pot",
    "DLC garantie au client": "30 jour(s)"
  },
  {
    "Rayon": "Crèmerie Œufs Fromages",
    "Libellé produit": "Oeuf fermier frais moyen. pleins air LR",
    "Marque": "TGT ORIGINE",
    "Code Produit": 301573,
    "Température": "Frais",
    "Conditionnement": "Portion de 53 g. Boite de 12 portions.",
    "Unité de commande": "boite",
    "Prix": "3,20 EUR",
    "Prix à l'unité de mesure": "5,04 EUR / kg",
    "Prix à la portion": "0,27 EUR / Portion",
    "DLC garantie au client": "7 jour(s)"
  },
  {
    "Rayon": "Accompagnements Assaisonnement",
    "Libellé produit": "Bouillon de légumes",
    "Marque": "TGT QUALITY",
    "Code Produit": 301600,
    "Température": "Ambiant",
    "Conditionnement": "Par boite de 1 kg. Colis de 8 boites.",
    "Unité de commande": "boite",
    "Prix": "7,25 EUR",
    "Prix à l'unité de mesure": "7,25 EUR / kg",
    "Prix à la portion": "58,02 EUR / colis",
    "DLC garantie au client": "30 jour(s)"
  },
  {
    "Rayon": "Pâtisserie Biscuiterie Confiserie",
    "Libellé produit": "Gélatine or 200 bloom. 500 feuilles",
    "Marque": "LEGAVE",
    "Code Produit": 301606,
    "Température": "Ambiant",
    "Conditionnement": "Par paquet de 1 kg. Colis de 10 paquets.",
    "Unité de commande": "paquet",
    "Prix": "29,21 EUR",
    "Prix à l'unité de mesure": "29,21 EUR / kg",
    "Prix à la portion": "292,07 EUR / colis",
    "DLC garantie au client": "30 jour(s)"
  },
  {
    "Rayon": "Crèmerie Œufs Fromages",
    "Libellé produit": "Oeufs durs écalés plein air. calibre 43/53",
    "Marque": "TGT QUALITY",
    "Code Produit": 301637,
    "Température": "Frais",
    "Conditionnement": "Portion de 38.056 g. Colis de 72 portions.",
    "Unité de commande": "colis",
    "Prix": "28,63 EUR",
    "Prix à l'unité de mesure": "10,45 EUR / kg",
    "Prix à la portion": "0,40 EUR / Portion",
    "DLC garantie au client": "7 jour(s)"
  },
  {
    "Rayon": "Desserts Glaces",
    "Libellé produit": "Coeur coulant chocolat cuit",
    "Marque": "TGT QUALITY",
    "Code Produit": 301643,
    "Température": "Surgele",
    "Conditionnement": "Portion de 110 g. Colis de 27 portions.",
    "Unité de commande": "colis",
    "Prix": "26,57 EUR",
    "Prix à l'unité de mesure": "8,95 EUR / kg",
    "Prix à la portion": "0,98 EUR / Portion",
    "DLC garantie au client": "30 jour(s)"
  },
  {
    "Rayon": "Accompagnements Assaisonnement",
    "Libellé produit": "Couscous moyen",
    "Marque": "TGT QUALITY",
    "Code Produit": 301649,
    "Température": "Ambiant",
    "Conditionnement": "Par sac de 5 kg.",
    "Unité de commande": "sac",
    "Prix": "9,95 EUR",
    "Prix à l'unité de mesure": "1,99 EUR / kg",
    "Prix à la portion": "",
    "DLC garantie au client": "30 jour(s)"
  },
  {
    "Rayon": "Poissons Coquillages Crustacés",
    "Libellé produit": "Pavé Hoki sans peau sans. aretes nouvelle zélande. msc",
    "Marque": "TGT QUALITY",
    "Code Produit": 301656,
    "Température": "Surgele",
    "Conditionnement": "Portion de 151.515 g. Colis de 33 portions.",
    "Unité de commande": "colis",
    "Prix": "55,89 EUR",
    "Prix à l'unité de mesure": "11,18 EUR / kg",
    "Prix à la portion": "1,69 EUR / Portion",
    "DLC garantie au client": "30 jour(s)"
  },
  {
    "Rayon": "Épicerie",
    "Libellé produit": "Cacahuetes grillées et salées",
    "Marque": "TGT QUALITY",
    "Code Produit": 301661,
    "Température": "Ambiant",
    "Conditionnement": "Par paquet de 1.5 kg. Colis de 6 paquets.",
    "Unité de commande": "paquet",
    "Prix": "7,42 EUR",
    "Prix à l'unité de mesure": "4,95 EUR / kg",
    "Prix à la portion": "44,51 EUR / colis",
    "DLC garantie au client": "30 jour(s)"
  },
  {
    "Rayon": "Desserts Glaces",
    "Libellé produit": "Crème glacée noix de coco avec. copeaux de chocolat et coulis. de cacao",
    "Marque": "ATELIER DES ECRINS",
    "Code Produit": 301673,
    "Température": "Surgele",
    "Conditionnement": "Pot de 140 ml. Colis de 15 pots.",
    "Unité de commande": "colis",
    "Prix": "27,15 EUR",
    "Prix à l'unité de mesure": "12,93 EUR / L",
    "Prix à la portion": "1,81 EUR / pot",
    "DLC garantie au client": "30 jour(s)"
  },
  {
    "Rayon": "Pains Viennoiserie Pâtes",
    "Libellé produit": "Mini torsade aux pépites de. chocolat. prêt à cuire",
    "Marque": "TGT QUALITY",
    "Code Produit": 301677,
    "Température": "Surgele",
    "Conditionnement": "Portion de 30 g. Colis de 100 portions.",
    "Unité de commande": "colis",
    "Prix": "25,55 EUR",
    "Prix à l'unité de mesure": "8,52 EUR / kg",
    "Prix à la portion": "0,26 EUR / Portion",
    "DLC garantie au client": "30 jour(s)"
  },
  {
    "Rayon": "Fruits et Légumes",
    "Libellé produit": "Pdt agria fritable lavée +50. catégorie 1. France",
    "Marque": "TGT ORIGINE",
    "Code Produit": 301686,
    "Température": "Frais",
    "Conditionnement": "Par filet de 10 kg.",
    "Unité de commande": "filet",
    "Prix": "8,53 EUR",
    "Prix à l'unité de mesure": "0,85 EUR / kg",
    "Prix à la portion": "",
    "DLC garantie au client": ""
  },
  {
    "Rayon": "Desserts Glaces",
    "Libellé produit": "Crème glacée miel aux éclats. de noisettes bio",
    "Marque": "ATELIER DES ECRINS",
    "Code Produit": 301703,
    "Température": "Surgele",
    "Conditionnement": "Pot de 140 ml. Colis de 15 pots.",
    "Unité de commande": "colis",
    "Prix": "24,75 EUR",
    "Prix à l'unité de mesure": "11,79 EUR / L",
    "Prix à la portion": "1,65 EUR / pot",
    "DLC garantie au client": "30 jour(s)"
  },
  {
    "Rayon": "Desserts Glaces",
    "Libellé produit": "Crème glacée beurre de. cacahuètes coulis caramel",
    "Marque": "ATELIER DES ECRINS",
    "Code Produit": 301704,
    "Température": "Surgele",
    "Conditionnement": "Pot de 140 ml. Colis de 15 pots.",
    "Unité de commande": "colis",
    "Prix": "24,75 EUR",
    "Prix à l'unité de mesure": "11,79 EUR / L",
    "Prix à la portion": "1,65 EUR / pot",
    "DLC garantie au client": "30 jour(s)"
  },
  {
    "Rayon": "Crèmerie Œufs Fromages",
    "Libellé produit": "Beurre micropain doux bio",
    "Marque": "TGT NATURA",
    "Code Produit": 301709,
    "Température": "Frais",
    "Conditionnement": "Portion de 10 g. Boite de 100 portions.",
    "Unité de commande": "boite",
    "Prix": "14,27 EUR",
    "Prix à l'unité de mesure": "14,27 EUR / kg",
    "Prix à la portion": "0,14 EUR / Portion",
    "DLC garantie au client": "7 jour(s)"
  },
  {
    "Rayon": "Crèmerie Œufs Fromages",
    "Libellé produit": "Oeuf frais vrac catégorie 0. bio",
    "Marque": "TGT NATURA",
    "Code Produit": 301712,
    "Température": "Frais",
    "Conditionnement": "Boite de 318 g. Colis de 16 boites. Boite de 6 portions.",
    "Unité de commande": "colis",
    "Prix": "42,53 EUR",
    "Prix à l'unité de mesure": "8,36 EUR / kg",
    "Prix à la portion": "2,66 EUR / boite",
    "DLC garantie au client": "7 jour(s)"
  },
  {
    "Rayon": "Crèmerie Œufs Fromages",
    "Libellé produit": "Beurre doux bio",
    "Marque": "TGT NATURA",
    "Code Produit": 301715,
    "Température": "Frais",
    "Conditionnement": "Par plaque de 250 g. Colis de 20 plaques.",
    "Unité de commande": "plaque",
    "Prix": "3,67 EUR",
    "Prix à l'unité de mesure": "14,70 EUR / kg",
    "Prix à la portion": "73,48 EUR / colis",
    "DLC garantie au client": "7 jour(s)"
  },
  {
    "Rayon": "Crèmerie Œufs Fromages",
    "Libellé produit": "Lait demi écrémé uht bio",
    "Marque": "TGT NATURA",
    "Code Produit": 301716,
    "Température": "Frais",
    "Conditionnement": "Brick de 1 litre. Colis de 6 bricks.",
    "Unité de commande": "colis",
    "Prix": "8,13 EUR",
    "Prix à l'unité de mesure": "1,36 EUR / L",
    "Prix à la portion": "1,36 EUR / brick",
    "DLC garantie au client": "7 jour(s)"
  },
  {
    "Rayon": "Crèmerie Œufs Fromages",
    "Libellé produit": "Camembert au lait thermisé. 23% m.g. bio",
    "Marque": "TGT NATURA",
    "Code Produit": 301718,
    "Température": "Frais",
    "Conditionnement": "Par pièce de 250 g. Colis de 12 pièces.",
    "Unité de commande": "pièce",
    "Prix": "3,66 EUR",
    "Prix à l'unité de mesure": "14,64 EUR / kg",
    "Prix à la portion": "43,91 EUR / colis",
    "DLC garantie au client": "5 jour(s)"
  },
  {
    "Rayon": "Desserts Glaces",
    "Libellé produit": "Mini crêpe moelleuse au lait. frais écrémé diamètre 10 cm. pièce de 15 g",
    "Marque": "TGT QUALITY",
    "Code Produit": 301760,
    "Température": "Surgele",
    "Conditionnement": "Portion de 15 g. Colis de 180 portions.",
    "Unité de commande": "colis",
    "Prix": "21,91 EUR",
    "Prix à l'unité de mesure": "8,11 EUR / kg",
    "Prix à la portion": "0,12 EUR / Portion",
    "DLC garantie au client": "30 jour(s)"
  },
  {
    "Rayon": "Desserts Glaces",
    "Libellé produit": "Compote de pommes allégée",
    "Marque": "TGT ECONOMY",
    "Code Produit": 301803,
    "Température": "Ambiant",
    "Conditionnement": "Par boite 5/1 de 4.2 kg. Colis de 3 boites 5/1.",
    "Unité de commande": "boite 5/1",
    "Prix": "6,60 EUR",
    "Prix à l'unité de mesure": "1,57 EUR / kg",
    "Prix à la portion": "19,80 EUR / colis",
    "DLC garantie au client": "30 jour(s)"
  },
  {
    "Rayon": "Épicerie",
    "Libellé produit": "Muesli aux fruits rouges bio",
    "Marque": "TGT NATURA",
    "Code Produit": 301835,
    "Température": "Ambiant",
    "Conditionnement": "Par sachet de 2 kg. Colis de 6 sachets.",
    "Unité de commande": "sachet",
    "Prix": "12,05 EUR",
    "Prix à l'unité de mesure": "6,02 EUR / kg",
    "Prix à la portion": "72,28 EUR / colis",
    "DLC garantie au client": "30 jour(s)"
  },
  {
    "Rayon": "Accompagnements Assaisonnement",
    "Libellé produit": "Pâtes penne rigate à la. semoule de blé dur. bio",
    "Marque": "TGT NATURA",
    "Code Produit": 301850,
    "Température": "Ambiant",
    "Conditionnement": "Par sac de 5 kg. Colis de 2 sacs.",
    "Unité de commande": "sac",
    "Prix": "12,19 EUR",
    "Prix à l'unité de mesure": "2,44 EUR / kg",
    "Prix à la portion": "24,38 EUR / colis",
    "DLC garantie au client": "30 jour(s)"
  },
  {
    "Rayon": "Charcuterie Traiteur",
    "Libellé produit": "Mais doux superweet sous vide",
    "Marque": "TGT QUALITY",
    "Code Produit": 301921,
    "Température": "Ambiant",
    "Conditionnement": "Par boite 4/4 de 670 g. Colis de 12 boites 4/4.",
    "Unité de commande": "boite 4/4",
    "Prix": "1,90 EUR",
    "Prix à l'unité de mesure": "2,84 EUR / kg",
    "Prix à la portion": "22,81 EUR / colis",
    "DLC garantie au client": "30 jour(s)"
  },
  {
    "Rayon": "Accompagnements Assaisonnement",
    "Libellé produit": "Bouillon de volaille",
    "Marque": "TGT QUALITY",
    "Code Produit": 301922,
    "Température": "Ambiant",
    "Conditionnement": "Par boite de 700 g. Colis de 8 boites.",
    "Unité de commande": "boite",
    "Prix": "6,48 EUR",
    "Prix à l'unité de mesure": "9,26 EUR / kg",
    "Prix à la portion": "51,85 EUR / colis",
    "DLC garantie au client": "30 jour(s)"
  },
  {
    "Rayon": "Desserts Glaces",
    "Libellé produit": "Sorbet framboise bio",
    "Marque": "ATELIER DES ECRINS",
    "Code Produit": 301925,
    "Température": "Surgele",
    "Conditionnement": "Pot de 140 ml. Colis de 15 pots.",
    "Unité de commande": "colis",
    "Prix": "24,75 EUR",
    "Prix à l'unité de mesure": "11,79 EUR / L",
    "Prix à la portion": "1,65 EUR / pot",
    "DLC garantie au client": "30 jour(s)"
  },
  {
    "Rayon": "Fruits et Légumes",
    "Libellé produit": "Laitue. catégorie 1. France",
    "Marque": "STKFL",
    "Code Produit": 302114,
    "Température": "Frais",
    "Conditionnement": "Pièce de 350 g. Colis de 6 pièces.",
    "Unité de commande": "colis",
    "Prix": "6,82 EUR",
    "Prix à l'unité de mesure": "3,25 EUR / kg",
    "Prix à la portion": "1,14 EUR / pièce",
    "DLC garantie au client": ""
  },
  {
    "Rayon": "Fruits et Légumes",
    "Libellé produit": "Pomme royal gala 136/165. catégorie 1. France",
    "Marque": "STKFL",
    "Code Produit": 302122,
    "Température": "Frais",
    "Conditionnement": "Par filet de 2 kg.",
    "Unité de commande": "filet",
    "Prix": "3,35 EUR",
    "Prix à l'unité de mesure": "1,68 EUR / kg",
    "Prix à la portion": "",
    "DLC garantie au client": ""
  },
  {
    "Rayon": "Fruits et Légumes",
    "Libellé produit": "Pommes Golden 136/165. catégorie 1. France",
    "Marque": "STKFL",
    "Code Produit": 302123,
    "Température": "Frais",
    "Conditionnement": "Par sachet de 2 kg.",
    "Unité de commande": "sachet",
    "Prix": "3,21 EUR",
    "Prix à l'unité de mesure": "1,61 EUR / kg",
    "Prix à la portion": "",
    "DLC garantie au client": ""
  },
  {
    "Rayon": "Crèmerie Œufs Fromages",
    "Libellé produit": "Yaourt fermier nature bio",
    "Marque": "TGT ORIGINE",
    "Code Produit": 302124,
    "Température": "Frais",
    "Conditionnement": "Portion de 125 g. Colis de 24 portions.",
    "Unité de commande": "colis",
    "Prix": "15,23 EUR",
    "Prix à l'unité de mesure": "5,08 EUR / kg",
    "Prix à la portion": "0,63 EUR / Portion",
    "DLC garantie au client": "7 jour(s)"
  },
  {
    "Rayon": "Pâtisserie Biscuiterie Confiserie",
    "Libellé produit": "Sucre poudre",
    "Marque": "TGT QUALITY",
    "Code Produit": 302223,
    "Température": "Ambiant",
    "Conditionnement": "Par sachet de 1 kg. Colis de 10 sachets.",
    "Unité de commande": "sachet",
    "Prix": "1,05 EUR",
    "Prix à l'unité de mesure": "1,05 EUR / kg",
    "Prix à la portion": "10,51 EUR / colis",
    "DLC garantie au client": ""
  },
  {
    "Rayon": "Charcuterie Traiteur",
    "Libellé produit": "Macédoine de légumes",
    "Marque": "TGT QUALITY",
    "Code Produit": 302235,
    "Température": "Frais",
    "Conditionnement": "Par barquette de 2.4 kg.",
    "Unité de commande": "barquette",
    "Prix": "7,72 EUR",
    "Prix à l'unité de mesure": "3,22 EUR / kg",
    "Prix à la portion": "",
    "DLC garantie au client": "7 jour(s)"
  },
  {
    "Rayon": "Épicerie",
    "Libellé produit": "Thé vert fairtrade bio",
    "Marque": "TGT NATURA",
    "Code Produit": 302279,
    "Température": "Ambiant",
    "Conditionnement": "Portion de 1.48 g. Boite de 25 portions.",
    "Unité de commande": "boite",
    "Prix": "1,76 EUR",
    "Prix à l'unité de mesure": "47,43 EUR / kg",
    "Prix à la portion": "0,07 EUR / Portion",
    "DLC garantie au client": "30 jour(s)"
  },
  {
    "Rayon": "Crèmerie Œufs Fromages",
    "Libellé produit": "Crème liquide uht 30% m.g.",
    "Marque": "TGT QUALITY",
    "Code Produit": 302287,
    "Température": "Frais",
    "Conditionnement": "Brick de 1 litre. Colis de 6 bricks.",
    "Unité de commande": "colis",
    "Prix": "22,56 EUR",
    "Prix à l'unité de mesure": "3,76 EUR / L",
    "Prix à la portion": "3,76 EUR / brick",
    "DLC garantie au client": "7 jour(s)"
  },
  {
    "Rayon": "Crèmerie Œufs Fromages",
    "Libellé produit": "Crème liquide uht 35% m.g.",
    "Marque": "TGT QUALITY",
    "Code Produit": 302288,
    "Température": "Frais",
    "Conditionnement": "Brick de 1 litre. Colis de 6 bricks.",
    "Unité de commande": "colis",
    "Prix": "24,71 EUR",
    "Prix à l'unité de mesure": "4,12 EUR / L",
    "Prix à la portion": "4,12 EUR / brick",
    "DLC garantie au client": "7 jour(s)"
  },
  {
    "Rayon": "Crèmerie Œufs Fromages",
    "Libellé produit": "Blanc d'oeuf monté en neige. sur lit de caramel",
    "Marque": "TGT QUALITY",
    "Code Produit": 302300,
    "Température": "Frais",
    "Conditionnement": "Par barquette de 300 g. Colis de 6 barquettes.",
    "Unité de commande": "barquette",
    "Prix": "2,59 EUR",
    "Prix à l'unité de mesure": "8,63 EUR / kg",
    "Prix à la portion": "15,53 EUR / colis",
    "DLC garantie au client": "7 jour(s)"
  },
  {
    "Rayon": "Pains Viennoiserie Pâtes",
    "Libellé produit": "Pain aux raisins prêt à cuire",
    "Marque": "TGT QUALITY",
    "Code Produit": 302301,
    "Température": "Surgele",
    "Conditionnement": "Portion de 100 g. Colis de 72 portions.",
    "Unité de commande": "colis",
    "Prix": "40,10 EUR",
    "Prix à l'unité de mesure": "5,57 EUR / kg",
    "Prix à la portion": "0,56 EUR / Portion",
    "DLC garantie au client": "30 jour(s)"
  },
  {
    "Rayon": "Poissons Coquillages Crustacés",
    "Libellé produit": "Huître de Normandie IGP n°2",
    "Marque": "TGT ORIGINE",
    "Code Produit": 302375,
    "Température": "Frais",
    "Conditionnement": "Portion de 104.167 g. Bourriche de 48 portions.",
    "Unité de commande": "bourriche",
    "Prix": "37,08 EUR",
    "Prix à l'unité de mesure": "7,42 EUR / kg",
    "Prix à la portion": "0,77 EUR / Portion",
    "DLC garantie au client": ""
  },
  {
    "Rayon": "Poissons Coquillages Crustacés",
    "Libellé produit": "Huître fine normande n°3",
    "Marque": "TGT ORIGINE",
    "Code Produit": 302376,
    "Température": "Frais",
    "Conditionnement": "Portion de 83.333 g. Bourriche de 48 portions.",
    "Unité de commande": "bourriche",
    "Prix": "31,28 EUR",
    "Prix à l'unité de mesure": "7,82 EUR / kg",
    "Prix à la portion": "0,65 EUR / Portion",
    "DLC garantie au client": ""
  },
  {
    "Rayon": "Desserts Glaces",
    "Libellé produit": "Gâteau moelleux au chocolat",
    "Marque": "TGT QUALITY",
    "Code Produit": 302379,
    "Température": "Surgele",
    "Conditionnement": "Par pièce de 1.1 kg. Colis de 3 pièces.",
    "Unité de commande": "pièce",
    "Prix": "13,45 EUR",
    "Prix à l'unité de mesure": "12,23 EUR / kg",
    "Prix à la portion": "40,35 EUR / colis",
    "DLC garantie au client": "30 jour(s)"
  },
  {
    "Rayon": "Poissons Coquillages Crustacés",
    "Libellé produit": "Filet de truite avec peau",
    "Marque": "TGT ORIGINE",
    "Code Produit": 302389,
    "Température": "Frais",
    "Conditionnement": "Portion de 666.667 g. Colis de 9 portions.",
    "Unité de commande": "colis",
    "Prix": "118,83 EUR",
    "Prix à l'unité de mesure": "19,81 EUR / kg",
    "Prix à la portion": "13,20 EUR / Portion",
    "DLC garantie au client": ""
  },
  {
    "Rayon": "Poissons Coquillages Crustacés",
    "Libellé produit": "Truite portion vidée",
    "Marque": "TGT ORIGINE",
    "Code Produit": 302403,
    "Température": "Frais",
    "Conditionnement": "Portion de 300 g. Colis de 20 portions.",
    "Unité de commande": "colis",
    "Prix": "67,02 EUR",
    "Prix à l'unité de mesure": "11,17 EUR / kg",
    "Prix à la portion": "3,35 EUR / Portion",
    "DLC garantie au client": ""
  },
  {
    "Rayon": "Fruits et Légumes",
    "Libellé produit": "Chou blanc filmé. catégorie 1. France",
    "Marque": "STKFL",
    "Code Produit": 302430,
    "Température": "Frais",
    "Conditionnement": "Par pièce de 1.5 kg. Colis de 6 pièces.",
    "Unité de commande": "pièce",
    "Prix": "3,01 EUR",
    "Prix à l'unité de mesure": "2,00 EUR / kg",
    "Prix à la portion": "18,04 EUR / colis",
    "DLC garantie au client": ""
  },
  {
    "Rayon": "Fruits et Légumes",
    "Libellé produit": "Chou Rouge. catégorie 1. France",
    "Marque": "STKFL",
    "Code Produit": 302432,
    "Température": "Frais",
    "Conditionnement": "Par pièce de 1.5 kg. Colis de 6 pièces.",
    "Unité de commande": "pièce",
    "Prix": "2,69 EUR",
    "Prix à l'unité de mesure": "1,79 EUR / kg",
    "Prix à la portion": "16,12 EUR / colis",
    "DLC garantie au client": ""
  },
  {
    "Rayon": "Crèmerie Œufs Fromages",
    "Libellé produit": "Kiri",
    "Marque": "BEL",
    "Code Produit": 302545,
    "Température": "Frais",
    "Conditionnement": "Portion de 18 g. Coffret de 80 portions.",
    "Unité de commande": "coffret",
    "Prix": "25,69 EUR",
    "Prix à l'unité de mesure": "17,84 EUR / kg",
    "Prix à la portion": "0,32 EUR / Portion",
    "DLC garantie au client": "7 jour(s)"
  },
  {
    "Rayon": "Crèmerie Œufs Fromages",
    "Libellé produit": "Samos",
    "Marque": "BEL",
    "Code Produit": 302546,
    "Température": "Frais",
    "Conditionnement": "Portion de 18 g. Coffret de 80 portions.",
    "Unité de commande": "coffret",
    "Prix": "24,67 EUR",
    "Prix à l'unité de mesure": "17,14 EUR / kg",
    "Prix à la portion": "0,31 EUR / Portion",
    "DLC garantie au client": "7 jour(s)"
  },
  {
    "Rayon": "Épicerie",
    "Libellé produit": "Crunchy avec des copeaux au. chocolat noir",
    "Marque": "COUNTRY FARM",
    "Code Produit": 302555,
    "Température": "Ambiant",
    "Conditionnement": "Sachet de 500 g. Colis de 10 sachets.",
    "Unité de commande": "colis",
    "Prix": "40,85 EUR",
    "Prix à l'unité de mesure": "8,17 EUR / kg",
    "Prix à la portion": "4,09 EUR / sachet",
    "DLC garantie au client": "30 jour(s)"
  },
  {
    "Rayon": "Épicerie",
    "Libellé produit": "Confiture de fraise extra. 45%",
    "Marque": "VALADE EN CORREZE",
    "Code Produit": 302901,
    "Température": "Ambiant",
    "Conditionnement": "Par bocal de 1 kg. Colis de 6 bocaux.",
    "Unité de commande": "bocal",
    "Prix": "5,85 EUR",
    "Prix à l'unité de mesure": "5,85 EUR / kg",
    "Prix à la portion": "35,11 EUR / colis",
    "DLC garantie au client": "30 jour(s)"
  },
  {
    "Rayon": "Épicerie",
    "Libellé produit": "Confiture d'abricot extra. 45%",
    "Marque": "VALADE EN CORREZE",
    "Code Produit": 302919,
    "Température": "Ambiant",
    "Conditionnement": "Par bocal de 1 kg. Colis de 6 bocaux.",
    "Unité de commande": "bocal",
    "Prix": "6,32 EUR",
    "Prix à l'unité de mesure": "6,32 EUR / kg",
    "Prix à la portion": "37,90 EUR / colis",
    "DLC garantie au client": "30 jour(s)"
  },
  {
    "Rayon": "Épicerie",
    "Libellé produit": "Gelée de myrtille extra",
    "Marque": "VALADE EN CORREZE",
    "Code Produit": 302968,
    "Température": "Ambiant",
    "Conditionnement": "Par bocal de 1 kg. Colis de 6 bocaux.",
    "Unité de commande": "bocal",
    "Prix": "9,81 EUR",
    "Prix à l'unité de mesure": "9,81 EUR / kg",
    "Prix à la portion": "58,83 EUR / colis",
    "DLC garantie au client": "30 jour(s)"
  },
  {
    "Rayon": "Poissons Coquillages Crustacés",
    "Libellé produit": "Filet de saumon avec peau sans. aretes. sous-vide",
    "Marque": "",
    "Code Produit": 311544,
    "Température": "Frais",
    "Conditionnement": "Par pièce de 1.7 kg.",
    "Unité de commande": "pièce",
    "Prix": "30,13 EUR",
    "Prix à l'unité de mesure": "17,72 EUR / kg",
    "Prix à la portion": "",
    "DLC garantie au client": "3 jour(s)"
  },
  {
    "Rayon": "Poissons Coquillages Crustacés",
    "Libellé produit": "Crevette cuite amérique du sud. calibre 60/80",
    "Marque": "",
    "Code Produit": 311564,
    "Température": "Frais",
    "Conditionnement": "Par barquette de 2 kg.",
    "Unité de commande": "barquette",
    "Prix": "18,58 EUR",
    "Prix à l'unité de mesure": "9,29 EUR / kg",
    "Prix à la portion": "",
    "DLC garantie au client": "3 jour(s)"
  },
  {
    "Rayon": "Crèmerie Œufs Fromages",
    "Libellé produit": "Oeuf dur écalé calibre 43/53",
    "Marque": "SERVIS OEUF",
    "Code Produit": 311572,
    "Température": "Frais",
    "Conditionnement": "Portion de 38.056 g. Colis de 72 portions.",
    "Unité de commande": "colis",
    "Prix": "22,00 EUR",
    "Prix à l'unité de mesure": "8,03 EUR / kg",
    "Prix à la portion": "0,31 EUR / Portion",
    "DLC garantie au client": "7 jour(s)"
  },
  {
    "Rayon": "Viandes Volailles Gibier",
    "Libellé produit": "Ribs de porc en bande",
    "Marque": "BEAUVALLET RESTAURATION",
    "Code Produit": 311623,
    "Température": "Frais",
    "Conditionnement": "Par pièce de 3 kg.",
    "Unité de commande": "pièce",
    "Prix": "32,53 EUR",
    "Prix à l'unité de mesure": "10,84 EUR / kg",
    "Prix à la portion": "",
    "DLC garantie au client": "7 jour(s)"
  },
  {
    "Rayon": "Poissons Coquillages Crustacés",
    "Libellé produit": "Palourde moyenne",
    "Marque": "",
    "Code Produit": 311700,
    "Température": "Frais",
    "Conditionnement": "Par filet de 1 kg.",
    "Unité de commande": "filet",
    "Prix": "19,76 EUR",
    "Prix à l'unité de mesure": "19,76 EUR / kg",
    "Prix à la portion": "",
    "DLC garantie au client": "3 jour(s)"
  },
  {
    "Rayon": "Viandes Volailles Gibier",
    "Libellé produit": "Suprème de poulet",
    "Marque": "LE GAULOIS PROF",
    "Code Produit": 311727,
    "Température": "Frais",
    "Conditionnement": "Poche de 1.8 kg. Colis de 3 poches. Poche de 10 portions.",
    "Unité de commande": "colis",
    "Prix": "47,88 EUR",
    "Prix à l'unité de mesure": "8,87 EUR / kg",
    "Prix à la portion": "15,96 EUR / poche",
    "DLC garantie au client": "7 jour(s)"
  },
  {
    "Rayon": "Crèmerie Œufs Fromages",
    "Libellé produit": "Tomme de savoie igp 30% m.g.",
    "Marque": "FLORALPES",
    "Code Produit": 311869,
    "Température": "Frais",
    "Conditionnement": "Par pièce de 1.6 kg. Colis de 2 pièces.",
    "Unité de commande": "pièce",
    "Prix": "20,09 EUR",
    "Prix à l'unité de mesure": "12,55 EUR / kg",
    "Prix à la portion": "40,17 EUR / colis",
    "DLC garantie au client": "7 jour(s)"
  },
  {
    "Rayon": "Poissons Coquillages Crustacés",
    "Libellé produit": "Hareng fumé",
    "Marque": "",
    "Code Produit": 311921,
    "Température": "Frais",
    "Conditionnement": "Par sachet de 1 kg.",
    "Unité de commande": "sachet",
    "Prix": "9,04 EUR",
    "Prix à l'unité de mesure": "9,04 EUR / kg",
    "Prix à la portion": "",
    "DLC garantie au client": "9 jour(s)"
  },
  {
    "Rayon": "Crèmerie Œufs Fromages",
    "Libellé produit": "Brassé végétal nature au lait. fermenté de coco",
    "Marque": "ANDROS",
    "Code Produit": 315872,
    "Température": "Frais",
    "Conditionnement": "Lot de 400 g. Colis de 6 lots. Lot de 4 portions.",
    "Unité de commande": "colis",
    "Prix": "14,57 EUR",
    "Prix à l'unité de mesure": "6,07 EUR / kg",
    "Prix à la portion": "2,43 EUR / lot",
    "DLC garantie au client": "7 jour(s)"
  },
  {
    "Rayon": "Poissons Coquillages Crustacés",
    "Libellé produit": "Dorade royale vidée grattée. elevage import",
    "Marque": "",
    "Code Produit": 317274,
    "Température": "Ex.null",
    "Conditionnement": "Portion de 500 g. Colis de 12 portions.",
    "Unité de commande": "colis",
    "Prix": "80,12 EUR",
    "Prix à l'unité de mesure": "13,35 EUR / kg",
    "Prix à la portion": "6,68 EUR / Portion",
    "DLC garantie au client": "2 jour(s)"
  },
  {
    "Rayon": "Accompagnements Assaisonnement",
    "Libellé produit": "Riz basmati 10 mn B. Ben's original",
    "Marque": "BEN'S ORIGINAL",
    "Code Produit": 317365,
    "Température": "Ambiant",
    "Conditionnement": "Par sac de 2.5 kg. Colis de 4 sacs.",
    "Unité de commande": "sac",
    "Prix": "21,67 EUR",
    "Prix à l'unité de mesure": "8,67 EUR / kg",
    "Prix à la portion": "86,67 EUR / colis",
    "DLC garantie au client": "30 jour(s)"
  },
  {
    "Rayon": "Pâtisserie Biscuiterie Confiserie",
    "Libellé produit": "Biscuit chocolat noisette. sans gluten bio",
    "Marque": "KOMANDSAL",
    "Code Produit": 319087,
    "Température": "Ambiant",
    "Conditionnement": "Par sachet de 1 kg. Colis de 3 sachets.",
    "Unité de commande": "sachet",
    "Prix": "27,47 EUR",
    "Prix à l'unité de mesure": "27,47 EUR / kg",
    "Prix à la portion": "82,41 EUR / colis",
    "DLC garantie au client": "30 jour(s)"
  },
  {
    "Rayon": "Pâtisserie Biscuiterie Confiserie",
    "Libellé produit": "Biscuit citron fenouil sans. gluten bio",
    "Marque": "KOMANDSAL",
    "Code Produit": 319088,
    "Température": "Ambiant",
    "Conditionnement": "Par sachet de 1 kg. Colis de 3 sachets.",
    "Unité de commande": "sachet",
    "Prix": "22,83 EUR",
    "Prix à l'unité de mesure": "22,83 EUR / kg",
    "Prix à la portion": "68,48 EUR / colis",
    "DLC garantie au client": "30 jour(s)"
  },
  {
    "Rayon": "Boissons",
    "Libellé produit": "Mousseux brut",
    "Marque": "POL REMY",
    "Code Produit": 319149,
    "Température": "Ambiant",
    "Conditionnement": "Bouteille de 750 ml. Colis de 6 bouteilles.",
    "Unité de commande": "colis",
    "Prix": "20,22 EUR",
    "Prix à l'unité de mesure": "4,49 EUR / L",
    "Prix à la portion": "3,37 EUR / bouteille",
    "DLC garantie au client": ""
  },
  {
    "Rayon": "Boissons",
    "Libellé produit": "Mousseux demi sec",
    "Marque": "POL REMY",
    "Code Produit": 319174,
    "Température": "Ambiant",
    "Conditionnement": "Bouteille de 750 ml. Colis de 6 bouteilles.",
    "Unité de commande": "colis",
    "Prix": "19,04 EUR",
    "Prix à l'unité de mesure": "4,23 EUR / L",
    "Prix à la portion": "3,17 EUR / bouteille",
    "DLC garantie au client": ""
  },
  {
    "Rayon": "Poissons Coquillages Crustacés",
    "Libellé produit": "Filet lieu jaune avec peau. peche en ane",
    "Marque": "",
    "Code Produit": 320026,
    "Température": "Frais",
    "Conditionnement": "Portion de 750 g. Colis de 4 portions.",
    "Unité de commande": "colis",
    "Prix": "81,92 EUR",
    "Prix à l'unité de mesure": "27,31 EUR / kg",
    "Prix à la portion": "20,48 EUR / Portion",
    "DLC garantie au client": "3 jour(s)"
  },
  {
    "Rayon": "Accompagnements Assaisonnement",
    "Libellé produit": "Haricots verts extra fins. cuits express. cultivé 100 % en France CE2",
    "Marque": "D'AUCY",
    "Code Produit": 321638,
    "Température": "Surgele",
    "Conditionnement": "Par sachet de 2.5 kg. Colis de 4 sachets.",
    "Unité de commande": "sachet",
    "Prix": "8,26 EUR",
    "Prix à l'unité de mesure": "3,31 EUR / kg",
    "Prix à la portion": "33,05 EUR / colis",
    "DLC garantie au client": "30 jour(s)"
  },
  {
    "Rayon": "Crèmerie Œufs Fromages",
    "Libellé produit": "Yaourt aux fruits danone",
    "Marque": "DANONE",
    "Code Produit": 330050,
    "Température": "Frais",
    "Conditionnement": "Portion de 115 g. Plaque de 8 portions.",
    "Unité de commande": "plaque",
    "Prix": "2,15 EUR",
    "Prix à l'unité de mesure": "2,34 EUR / kg",
    "Prix à la portion": "0,27 EUR / Portion",
    "DLC garantie au client": "7 jour(s)"
  },
  {
    "Rayon": "Crèmerie Œufs Fromages",
    "Libellé produit": "Yaourt aromatisé panache",
    "Marque": "DANONE",
    "Code Produit": 330051,
    "Température": "Frais",
    "Conditionnement": "Plaque de 460 g. Colis de 4 plaques. Plaque de 4 portions.",
    "Unité de commande": "colis",
    "Prix": "2,89 EUR",
    "Prix à l'unité de mesure": "1,57 EUR / kg",
    "Prix à la portion": "0,72 EUR / plaque",
    "DLC garantie au client": "7 jour(s)"
  },
  {
    "Rayon": "Crèmerie Œufs Fromages",
    "Libellé produit": "Yaourt nature danone",
    "Marque": "DANONE",
    "Code Produit": 330052,
    "Température": "Frais",
    "Conditionnement": "Portion de 115 g. Plaque de 4 portions.",
    "Unité de commande": "plaque",
    "Prix": "0,69 EUR",
    "Prix à l'unité de mesure": "1,49 EUR / kg",
    "Prix à la portion": "0,17 EUR / Portion",
    "DLC garantie au client": "7 jour(s)"
  },
  {
    "Rayon": "Desserts Glaces",
    "Libellé produit": "Tarte aux pommes pur beurre. prédécoupée 10 parts",
    "Marque": "SYMPHONIE PASQUIER",
    "Code Produit": 330141,
    "Température": "Surgele",
    "Conditionnement": "Par pièce de 720 g. Colis de 10 pièces.",
    "Unité de commande": "pièce",
    "Prix": "4,22 EUR",
    "Prix à l'unité de mesure": "5,85 EUR / kg",
    "Prix à la portion": "42,15 EUR / colis",
    "DLC garantie au client": "30 jour(s)"
  },
  {
    "Rayon": "Pâtisserie Biscuiterie Confiserie",
    "Libellé produit": "Sucre poudre",
    "Marque": "BEGHIN SAY",
    "Code Produit": 330170,
    "Température": "Ambiant",
    "Conditionnement": "Sachet de 1 kg. Colis de 6 sachets.",
    "Unité de commande": "colis",
    "Prix": "13,12 EUR",
    "Prix à l'unité de mesure": "2,19 EUR / kg",
    "Prix à la portion": "2,19 EUR / sachet",
    "DLC garantie au client": ""
  },
  {
    "Rayon": "Épicerie",
    "Libellé produit": "Nescafé mokambo tradicion. soluble",
    "Marque": "NESCAFE",
    "Code Produit": 334623,
    "Température": "Ambiant",
    "Conditionnement": "Par poche de 500 g. Colis de 12 poches.",
    "Unité de commande": "poche",
    "Prix": "22,86 EUR",
    "Prix à l'unité de mesure": "45,72 EUR / kg",
    "Prix à la portion": "274,31 EUR / colis",
    "DLC garantie au client": "30 jour(s)"
  },
  {
    "Rayon": "Charcuterie Traiteur",
    "Libellé produit": "Jambon sec supérieur tranché. avec intercalaires vpf",
    "Marque": "MONTAGNE NOIRE",
    "Code Produit": 358515,
    "Température": "Frais",
    "Conditionnement": "Portion de 20 g. Barquette de 25 portions.",
    "Unité de commande": "barquette",
    "Prix": "8,48 EUR",
    "Prix à l'unité de mesure": "16,96 EUR / kg",
    "Prix à la portion": "0,34 EUR / Portion",
    "DLC garantie au client": "7 jour(s)"
  },
  {
    "Rayon": "Pains Viennoiserie Pâtes",
    "Libellé produit": "Pain de mie complet dim. 12'. x 12 cm - spécial sandwich. longue conservation",
    "Marque": "HARRYS FOOD SERVICE",
    "Code Produit": 359711,
    "Température": "Ambiant",
    "Conditionnement": "Par paquet de 600 g. Colis de 10 paquets.",
    "Unité de commande": "paquet",
    "Prix": "2,55 EUR",
    "Prix à l'unité de mesure": "4,25 EUR / kg",
    "Prix à la portion": "25,47 EUR / colis",
    "DLC garantie au client": "7 jour(s)"
  },
  {
    "Rayon": "Pains Viennoiserie Pâtes",
    "Libellé produit": "Pain de mie nature 12x12. 14 tranches spécial sandwich. longue conservation",
    "Marque": "HARRYS FOOD SERVICE",
    "Code Produit": 359729,
    "Température": "Ambiant",
    "Conditionnement": "Par paquet de 550 g. Colis de 10 paquets.",
    "Unité de commande": "paquet",
    "Prix": "2,37 EUR",
    "Prix à l'unité de mesure": "4,30 EUR / kg",
    "Prix à la portion": "23,67 EUR / colis",
    "DLC garantie au client": "7 jour(s)"
  },
  {
    "Rayon": "Pâtisserie Biscuiterie Confiserie",
    "Libellé produit": "Purée de framboise sucrée",
    "Marque": "BOIRON",
    "Code Produit": 360933,
    "Température": "Surgele",
    "Conditionnement": "Par barquette de 1 kg. Colis de 6 barquettes.",
    "Unité de commande": "barquette",
    "Prix": "9,02 EUR",
    "Prix à l'unité de mesure": "9,02 EUR / kg",
    "Prix à la portion": "54,09 EUR / colis",
    "DLC garantie au client": "30 jour(s)"
  },
  {
    "Rayon": "Charcuterie Traiteur",
    "Libellé produit": "Jambon sec tranché vpf",
    "Marque": "MONTAGNE NOIRE",
    "Code Produit": 362749,
    "Température": "Frais",
    "Conditionnement": "Portion de 20.833 g. Barquette de 24 portions.",
    "Unité de commande": "barquette",
    "Prix": "8,39 EUR",
    "Prix à l'unité de mesure": "16,78 EUR / kg",
    "Prix à la portion": "0,35 EUR / Portion",
    "DLC garantie au client": "7 jour(s)"
  },
  {
    "Rayon": "Accompagnements Assaisonnement",
    "Libellé produit": "Oignons rissolés",
    "Marque": "DUCROS",
    "Code Produit": 363119,
    "Température": "Ambiant",
    "Conditionnement": "Par sachet de 1 kg. Colis de 10 sachets.",
    "Unité de commande": "sachet",
    "Prix": "8,69 EUR",
    "Prix à l'unité de mesure": "8,69 EUR / kg",
    "Prix à la portion": "86,91 EUR / colis",
    "DLC garantie au client": "30 jour(s)"
  },
  {
    "Rayon": "Épicerie",
    "Libellé produit": "Muesli extra chocolat. noisettes",
    "Marque": "KELLOGG'S",
    "Code Produit": 364406,
    "Température": "Ambiant",
    "Conditionnement": "Par paquet de 1.5 kg. Colis de 4 paquets.",
    "Unité de commande": "paquet",
    "Prix": "18,57 EUR",
    "Prix à l'unité de mesure": "12,38 EUR / kg",
    "Prix à la portion": "74,29 EUR / colis",
    "DLC garantie au client": "30 jour(s)"
  },
  {
    "Rayon": "Accompagnements Assaisonnement",
    "Libellé produit": "Cornichon mi-fin calibre 60/80",
    "Marque": "MARTIN'S",
    "Code Produit": 368563,
    "Température": "Ambiant",
    "Conditionnement": "Par boite de 850 g. Colis de 12 boites.",
    "Unité de commande": "boite",
    "Prix": "2,00 EUR",
    "Prix à l'unité de mesure": "2,35 EUR / kg",
    "Prix à la portion": "24,00 EUR / colis",
    "DLC garantie au client": "30 jour(s)"
  },
  {
    "Rayon": "Épicerie",
    "Libellé produit": "Thé noir Yellow Label. 100 sachets fraîcheur",
    "Marque": "LIPTON",
    "Code Produit": 370056,
    "Température": "Ambiant",
    "Conditionnement": "Portion de 1.8 g. Boite de 100 portions.",
    "Unité de commande": "boite",
    "Prix": "9,78 EUR",
    "Prix à l'unité de mesure": "54,32 EUR / kg",
    "Prix à la portion": "0,10 EUR / Portion",
    "DLC garantie au client": "30 jour(s)"
  },
  {
    "Rayon": "Fruits et Légumes",
    "Libellé produit": "Banane p20. catégorie 1",
    "Marque": "STKFL",
    "Code Produit": 394810,
    "Température": "Frais",
    "Conditionnement": "Par pièce de 800 g.",
    "Unité de commande": "pièce",
    "Prix": "1,83 EUR",
    "Prix à l'unité de mesure": "2,28 EUR / kg",
    "Prix à la portion": "",
    "DLC garantie au client": ""
  },
  {
    "Rayon": "Accompagnements Assaisonnement",
    "Libellé produit": "Jus d'agneau Déshydraté 750g. Jusqu'à 30L",
    "Marque": "KNORR",
    "Code Produit": 399246,
    "Température": "Ambiant",
    "Conditionnement": "Par boite de 750 g. Colis de 6 boites.",
    "Unité de commande": "boite",
    "Prix": "33,99 EUR",
    "Prix à l'unité de mesure": "45,32 EUR / kg",
    "Prix à la portion": "203,94 EUR / colis",
    "DLC garantie au client": "30 jour(s)"
  },
  {
    "Rayon": "Pains Viennoiserie Pâtes",
    "Libellé produit": "Pain de mie complet dim. 12'. x 12 cm - spécial sandwich. sans entames",
    "Marque": "JACQUET",
    "Code Produit": 399311,
    "Température": "Surgele",
    "Conditionnement": "Paquet de 1.1 kg. Colis de 5 paquets.",
    "Unité de commande": "colis",
    "Prix": "23,56 EUR",
    "Prix à l'unité de mesure": "4,28 EUR / kg",
    "Prix à la portion": "4,71 EUR / paquet",
    "DLC garantie au client": "30 jour(s)"
  },
  {
    "Rayon": "Crèmerie Œufs Fromages",
    "Libellé produit": "Brassé végétal au lait de coco. et ananas",
    "Marque": "ANDROS",
    "Code Produit": 400016,
    "Température": "Frais",
    "Conditionnement": "Portion de 100 g. Lot de 4 portions.",
    "Unité de commande": "lot",
    "Prix": "2,81 EUR",
    "Prix à l'unité de mesure": "7,04 EUR / kg",
    "Prix à la portion": "0,70 EUR / Portion",
    "DLC garantie au client": "7 jour(s)"
  },
  {
    "Rayon": "Crèmerie Œufs Fromages",
    "Libellé produit": "Brassé végétal au lait de coco. et framboise",
    "Marque": "ANDROS",
    "Code Produit": 400017,
    "Température": "Frais",
    "Conditionnement": "Portion de 100 g. Lot de 4 portions.",
    "Unité de commande": "lot",
    "Prix": "2,89 EUR",
    "Prix à l'unité de mesure": "7,22 EUR / kg",
    "Prix à la portion": "0,72 EUR / Portion",
    "DLC garantie au client": "7 jour(s)"
  },
  {
    "Rayon": "Épicerie",
    "Libellé produit": "Petits fours art déco",
    "Marque": "TRAITEUR DE PARIS",
    "Code Produit": 401034,
    "Température": "Surgele",
    "Conditionnement": "Portion de 11.458 g. Plateau de 48 portions.",
    "Unité de commande": "plateau",
    "Prix": "33,44 EUR",
    "Prix à l'unité de mesure": "60,81 EUR / kg",
    "Prix à la portion": "0,70 EUR / Portion",
    "DLC garantie au client": "30 jour(s)"
  },
  {
    "Rayon": "Épicerie",
    "Libellé produit": "Pâte à tartiner. noisettes et cacao",
    "Marque": "BONNE MAMAN",
    "Code Produit": 401044,
    "Température": "Ambiant",
    "Conditionnement": "Par pot de 580 g. Colis de 6 pots.",
    "Unité de commande": "pot",
    "Prix": "6,22 EUR",
    "Prix à l'unité de mesure": "10,73 EUR / kg",
    "Prix à la portion": "37,33 EUR / colis",
    "DLC garantie au client": "30 jour(s)"
  },
  {
    "Rayon": "Épicerie",
    "Libellé produit": "Raisin sec sultanine",
    "Marque": "HOLYFRUITS",
    "Code Produit": 401135,
    "Température": "Ambiant",
    "Conditionnement": "Par sachet de 1 kg. Colis de 10 sachets.",
    "Unité de commande": "sachet",
    "Prix": "4,15 EUR",
    "Prix à l'unité de mesure": "4,15 EUR / kg",
    "Prix à la portion": "41,49 EUR / colis",
    "DLC garantie au client": "30 jour(s)"
  },
  {
    "Rayon": "Charcuterie Traiteur",
    "Libellé produit": "Jambon de paris spécial. sandwich vpf",
    "Marque": "MADRANGE",
    "Code Produit": 401372,
    "Température": "Frais",
    "Conditionnement": "Portion de 40 g. Sachet de 10 portions.",
    "Unité de commande": "sachet",
    "Prix": "4,93 EUR",
    "Prix à l'unité de mesure": "12,33 EUR / kg",
    "Prix à la portion": "0,49 EUR / Portion",
    "DLC garantie au client": "7 jour(s)"
  },
  {
    "Rayon": "Pains Viennoiserie Pâtes",
    "Libellé produit": "Miche châtaigne sans gluten. précuit bio",
    "Marque": "KOMANDSAL",
    "Code Produit": 402624,
    "Température": "Surgele",
    "Conditionnement": "Pièce de 400 g. Colis de 12 pièces.",
    "Unité de commande": "colis",
    "Prix": "68,36 EUR",
    "Prix à l'unité de mesure": "14,24 EUR / kg",
    "Prix à la portion": "5,70 EUR / pièce",
    "DLC garantie au client": "30 jour(s)"
  },
  {
    "Rayon": "Pains Viennoiserie Pâtes",
    "Libellé produit": "Pain sportif sans gluten. précuit bio",
    "Marque": "KOMANDSAL",
    "Code Produit": 402625,
    "Température": "Surgele",
    "Conditionnement": "Pièce de 400 g. Colis de 12 pièces.",
    "Unité de commande": "colis",
    "Prix": "78,52 EUR",
    "Prix à l'unité de mesure": "16,36 EUR / kg",
    "Prix à la portion": "6,54 EUR / pièce",
    "DLC garantie au client": "30 jour(s)"
  },
  {
    "Rayon": "Pains Viennoiserie Pâtes",
    "Libellé produit": "Pain burger pois chiche sans. gluten bio",
    "Marque": "KOMANDSAL",
    "Code Produit": 402626,
    "Température": "Surgele",
    "Conditionnement": "Portion de 100 g. Colis de 30 portions.",
    "Unité de commande": "colis",
    "Prix": "64,30 EUR",
    "Prix à l'unité de mesure": "21,43 EUR / kg",
    "Prix à la portion": "2,14 EUR / Portion",
    "DLC garantie au client": "30 jour(s)"
  },
  {
    "Rayon": "Pâtisserie Biscuiterie Confiserie",
    "Libellé produit": "Farine de pois chiche sans. gluten bio",
    "Marque": "KOMANDSAL",
    "Code Produit": 402627,
    "Température": "Ambiant",
    "Conditionnement": "Par sachet de 1 kg. Colis de 4 sachets.",
    "Unité de commande": "sachet",
    "Prix": "8,18 EUR",
    "Prix à l'unité de mesure": "8,18 EUR / kg",
    "Prix à la portion": "32,71 EUR / colis",
    "DLC garantie au client": "30 jour(s)"
  },
  {
    "Rayon": "Pâtisserie Biscuiterie Confiserie",
    "Libellé produit": "Farine de pois chiche sans. gluten bio",
    "Marque": "KOMANDSAL",
    "Code Produit": 402628,
    "Température": "Ambiant",
    "Conditionnement": "Par sac de 5 kg. Colis de 3 sacs.",
    "Unité de commande": "sac",
    "Prix": "36,96 EUR",
    "Prix à l'unité de mesure": "7,39 EUR / kg",
    "Prix à la portion": "110,88 EUR / colis",
    "DLC garantie au client": "30 jour(s)"
  },
  {
    "Rayon": "Pâtisserie Biscuiterie Confiserie",
    "Libellé produit": "Farine de riz demi-complet. sans gluten bio",
    "Marque": "KOMANDSAL",
    "Code Produit": 402629,
    "Température": "Ambiant",
    "Conditionnement": "Par sachet de 1 kg. Colis de 4 sachets.",
    "Unité de commande": "sachet",
    "Prix": "9,14 EUR",
    "Prix à l'unité de mesure": "9,14 EUR / kg",
    "Prix à la portion": "36,58 EUR / colis",
    "DLC garantie au client": "30 jour(s)"
  },
  {
    "Rayon": "Pâtisserie Biscuiterie Confiserie",
    "Libellé produit": "Farine de riz demi-complet. sans gluten bio",
    "Marque": "KOMANDSAL",
    "Code Produit": 402630,
    "Température": "Ambiant",
    "Conditionnement": "Par sac de 5 kg. Colis de 3 sacs.",
    "Unité de commande": "sac",
    "Prix": "41,38 EUR",
    "Prix à l'unité de mesure": "8,28 EUR / kg",
    "Prix à la portion": "124,15 EUR / colis",
    "DLC garantie au client": "30 jour(s)"
  },
  {
    "Rayon": "Pâtisserie Biscuiterie Confiserie",
    "Libellé produit": "Farine de sarrasin sans gluten. bio",
    "Marque": "KOMANDSAL",
    "Code Produit": 402631,
    "Température": "Ambiant",
    "Conditionnement": "Par sachet de 1 kg. Colis de 4 sachets.",
    "Unité de commande": "sachet",
    "Prix": "8,03 EUR",
    "Prix à l'unité de mesure": "8,03 EUR / kg",
    "Prix à la portion": "32,14 EUR / colis",
    "DLC garantie au client": "30 jour(s)"
  },
  {
    "Rayon": "Pâtisserie Biscuiterie Confiserie",
    "Libellé produit": "Farine de sarrasin sans gluten. bio",
    "Marque": "KOMANDSAL",
    "Code Produit": 402632,
    "Température": "Ambiant",
    "Conditionnement": "Par sac de 5 kg. Colis de 3 sacs.",
    "Unité de commande": "sac",
    "Prix": "36,22 EUR",
    "Prix à l'unité de mesure": "7,24 EUR / kg",
    "Prix à la portion": "108,65 EUR / colis",
    "DLC garantie au client": "30 jour(s)"
  },
  {
    "Rayon": "Pâtisserie Biscuiterie Confiserie",
    "Libellé produit": "Mix de farines autour du. sarrasin sans gluten bio",
    "Marque": "KOMANDSAL",
    "Code Produit": 402635,
    "Température": "Ambiant",
    "Conditionnement": "Par sac de 5 kg. Colis de 3 sacs.",
    "Unité de commande": "sac",
    "Prix": "50,28 EUR",
    "Prix à l'unité de mesure": "10,06 EUR / kg",
    "Prix à la portion": "150,83 EUR / colis",
    "DLC garantie au client": "30 jour(s)"
  },
  {
    "Rayon": "Pains Viennoiserie Pâtes",
    "Libellé produit": "Pain de mie sans gluten. précuit bio",
    "Marque": "KOMANDSAL",
    "Code Produit": 402636,
    "Température": "Surgele",
    "Conditionnement": "Pièce de 400 g. Colis de 12 pièces.",
    "Unité de commande": "colis",
    "Prix": "63,19 EUR",
    "Prix à l'unité de mesure": "13,17 EUR / kg",
    "Prix à la portion": "5,27 EUR / pièce",
    "DLC garantie au client": "30 jour(s)"
  },
  {
    "Rayon": "Pains Viennoiserie Pâtes",
    "Libellé produit": "Mini pain châtaigne précuit. sans gluten bio",
    "Marque": "KOMANDSAL",
    "Code Produit": 402637,
    "Température": "Surgele",
    "Conditionnement": "Sachet de 90 g. Colis de 25 sachets. Sachet de 2 portions.",
    "Unité de commande": "colis",
    "Prix": "73,32 EUR",
    "Prix à l'unité de mesure": "32,59 EUR / kg",
    "Prix à la portion": "2,93 EUR / sachet",
    "DLC garantie au client": "30 jour(s)"
  },
  {
    "Rayon": "Pains Viennoiserie Pâtes",
    "Libellé produit": "Grand pochon lalos précuit. sur sole",
    "Marque": "BRIDOR",
    "Code Produit": 402867,
    "Température": "Surgele",
    "Conditionnement": "Portion de 1.1 kg. Colis de 10 portions.",
    "Unité de commande": "colis",
    "Prix": "42,48 EUR",
    "Prix à l'unité de mesure": "3,86 EUR / kg",
    "Prix à la portion": "4,25 EUR / Portion",
    "DLC garantie au client": "30 jour(s)"
  },
  {
    "Rayon": "Desserts Glaces",
    "Libellé produit": "Cheesecake premium",
    "Marque": "TRAITEUR DE PARIS",
    "Code Produit": 402940,
    "Température": "Surgele",
    "Conditionnement": "Portion de 90 g. Colis de 20 portions.",
    "Unité de commande": "colis",
    "Prix": "27,19 EUR",
    "Prix à l'unité de mesure": "15,10 EUR / kg",
    "Prix à la portion": "1,36 EUR / Portion",
    "DLC garantie au client": "30 jour(s)"
  },
  {
    "Rayon": "Crèmerie Œufs Fromages",
    "Libellé produit": "Fromage frais 20% m.g,",
    "Marque": "LA COTENTAISE",
    "Code Produit": 403036,
    "Température": "Frais",
    "Conditionnement": "Par seau de 5 kg.",
    "Unité de commande": "seau",
    "Prix": "11,14 EUR",
    "Prix à l'unité de mesure": "2,23 EUR / kg",
    "Prix à la portion": "",
    "DLC garantie au client": "7 jour(s)"
  },
  {
    "Rayon": "Desserts Glaces",
    "Libellé produit": "Cake citron sans gluten 40g. bio",
    "Marque": "KOMANDSAL",
    "Code Produit": 403741,
    "Température": "Surgele",
    "Conditionnement": "Portion de 40 g. Colis de 30 portions.",
    "Unité de commande": "colis",
    "Prix": "33,84 EUR",
    "Prix à l'unité de mesure": "28,20 EUR / kg",
    "Prix à la portion": "1,13 EUR / Portion",
    "DLC garantie au client": "30 jour(s)"
  },
  {
    "Rayon": "Pains Viennoiserie Pâtes",
    "Libellé produit": "Mini pain roulé aux olives san. s gluten bio 70g",
    "Marque": "KOMANDSAL",
    "Code Produit": 403742,
    "Température": "Surgele",
    "Conditionnement": "Lot de 140 g. Colis de 25 lots. Lot de 2 portions.",
    "Unité de commande": "colis",
    "Prix": "90,25 EUR",
    "Prix à l'unité de mesure": "25,79 EUR / kg",
    "Prix à la portion": "3,61 EUR / lot",
    "DLC garantie au client": "30 jour(s)"
  },
  {
    "Rayon": "Épicerie",
    "Libellé produit": "Macarons les classiques",
    "Marque": "SYMPHONIE PASQUIER",
    "Code Produit": 403879,
    "Température": "Surgele",
    "Conditionnement": "Portion de 12.833 g. Plateau de 72 portions.",
    "Unité de commande": "plateau",
    "Prix": "26,74 EUR",
    "Prix à l'unité de mesure": "28,94 EUR / kg",
    "Prix à la portion": "0,37 EUR / Portion",
    "DLC garantie au client": "30 jour(s)"
  },
  {
    "Rayon": "Accompagnements Assaisonnement",
    "Libellé produit": "Petits pois très fins",
    "Marque": "",
    "Code Produit": 403889,
    "Température": "Surgele",
    "Conditionnement": "Par sachet de 2.5 kg. Colis de 4 sachets.",
    "Unité de commande": "sachet",
    "Prix": "4,15 EUR",
    "Prix à l'unité de mesure": "1,66 EUR / kg",
    "Prix à la portion": "16,59 EUR / colis",
    "DLC garantie au client": "30 jour(s)"
  },
  {
    "Rayon": "Charcuterie Traiteur",
    "Libellé produit": "Haché végétarien",
    "Marque": "GARDEN GOURMET",
    "Code Produit": 404148,
    "Température": "Surgele",
    "Conditionnement": "Par sachet de 2 kg. Colis de 3 sachets.",
    "Unité de commande": "sachet",
    "Prix": "33,88 EUR",
    "Prix à l'unité de mesure": "16,94 EUR / kg",
    "Prix à la portion": "101,63 EUR / colis",
    "DLC garantie au client": "30 jour(s)"
  },
  {
    "Rayon": "Pains Viennoiserie Pâtes",
    "Libellé produit": "Pavé muesli lalos précuit",
    "Marque": "LALOS",
    "Code Produit": 404647,
    "Température": "Surgele",
    "Conditionnement": "Portion de 280 g. Colis de 26 portions.",
    "Unité de commande": "colis",
    "Prix": "49,95 EUR",
    "Prix à l'unité de mesure": "6,86 EUR / kg",
    "Prix à la portion": "1,92 EUR / Portion",
    "DLC garantie au client": "30 jour(s)"
  },
  {
    "Rayon": "Viandes Volailles Gibier",
    "Libellé produit": "Magret de canard. IGP du sud ouest",
    "Marque": "PIERRE FOSSAT",
    "Code Produit": 405002,
    "Température": "Frais",
    "Conditionnement": "Par poche de 350 g. Colis de 15 poches.",
    "Unité de commande": "poche",
    "Prix": "5,65 EUR",
    "Prix à l'unité de mesure": "16,15 EUR / kg",
    "Prix à la portion": "84,78 EUR / colis",
    "DLC garantie au client": "5 jour(s)"
  },
  {
    "Rayon": "Équipement Hygiène",
    "Libellé produit": "Sac déchet noir pebd",
    "Marque": "",
    "Code Produit": 405007,
    "Température": "Ambiant",
    "Conditionnement": "Colis de 8 portions.",
    "Unité de commande": "colis",
    "Prix": "25,57 EUR",
    "Prix à l'unité de mesure": "",
    "Prix à la portion": "3,20 EUR / Portion",
    "DLC garantie au client": ""
  },
  {
    "Rayon": "Équipement Hygiène",
    "Libellé produit": "Papier hygiénique 2 plis. blanc t4. rouleau de 200 feuilles",
    "Marque": "TORK",
    "Code Produit": 405076,
    "Température": "Ambiant",
    "Conditionnement": "Colis de 8 paquets. Paquet de 6 portions.",
    "Unité de commande": "colis",
    "Prix": "20,80 EUR",
    "Prix à l'unité de mesure": "",
    "Prix à la portion": "2,60 EUR / paquet",
    "DLC garantie au client": ""
  },
  {
    "Rayon": "Pâtisserie Biscuiterie Confiserie",
    "Libellé produit": "Mars",
    "Marque": "MARS",
    "Code Produit": 405355,
    "Température": "Ambiant",
    "Conditionnement": "Pièce de 51 g. Colis de 40 pièces.",
    "Unité de commande": "colis",
    "Prix": "29,68 EUR",
    "Prix à l'unité de mesure": "14,55 EUR / kg",
    "Prix à la portion": "0,74 EUR / pièce",
    "DLC garantie au client": "30 jour(s)"
  },
  {
    "Rayon": "Crèmerie Œufs Fromages",
    "Libellé produit": "Beurre micropain doux",
    "Marque": "PRESIDENT",
    "Code Produit": 405704,
    "Température": "Frais",
    "Conditionnement": "Portion de 10 g. Boite de 100 portions.",
    "Unité de commande": "boite",
    "Prix": "12,43 EUR",
    "Prix à l'unité de mesure": "12,43 EUR / kg",
    "Prix à la portion": "0,12 EUR / Portion",
    "DLC garantie au client": "7 jour(s)"
  },
  {
    "Rayon": "Charcuterie Traiteur",
    "Libellé produit": "Filet de flétan noir fumé. prédécoupé",
    "Marque": "",
    "Code Produit": 407120,
    "Température": "Frais",
    "Conditionnement": "Par pièce de 900 g.",
    "Unité de commande": "pièce",
    "Prix": "37,19 EUR",
    "Prix à l'unité de mesure": "41,32 EUR / kg",
    "Prix à la portion": "",
    "DLC garantie au client": "6 jour(s)"
  },
  {
    "Rayon": "Poissons Coquillages Crustacés",
    "Libellé produit": "Filet de merlan sans peau",
    "Marque": "",
    "Code Produit": 407125,
    "Température": "Frais",
    "Conditionnement": "Portion de 150 g. Barquette de 20 portions.",
    "Unité de commande": "barquette",
    "Prix": "43,78 EUR",
    "Prix à l'unité de mesure": "14,59 EUR / kg",
    "Prix à la portion": "2,19 EUR / Portion",
    "DLC garantie au client": ""
  },
  {
    "Rayon": "Fruits et Légumes",
    "Libellé produit": "Poire conférence 70/75. catégorie 1",
    "Marque": "STKFL",
    "Code Produit": 407217,
    "Température": "Frais",
    "Conditionnement": "Par colis de 7 kg.",
    "Unité de commande": "colis",
    "Prix": "20,55 EUR",
    "Prix à l'unité de mesure": "2,94 EUR / kg",
    "Prix à la portion": "",
    "DLC garantie au client": ""
  },
  {
    "Rayon": "Fruits et Légumes",
    "Libellé produit": "Grenade. catégorie 1",
    "Marque": "STKFL",
    "Code Produit": 407218,
    "Température": "Frais",
    "Conditionnement": "Par barquette de 700 g.",
    "Unité de commande": "barquette",
    "Prix": "4,21 EUR",
    "Prix à l'unité de mesure": "6,02 EUR / kg",
    "Prix à la portion": "",
    "DLC garantie au client": ""
  },
  {
    "Rayon": "Boissons",
    "Libellé produit": "Vittel",
    "Marque": "VITTEL",
    "Code Produit": 407452,
    "Température": "Ambiant",
    "Conditionnement": "Portion de 500 ml. Colis de 24 portions.",
    "Unité de commande": "colis",
    "Prix": "17,10 EUR",
    "Prix à l'unité de mesure": "1,43 EUR / L",
    "Prix à la portion": "0,71 EUR / Portion",
    "DLC garantie au client": "30 jour(s)"
  },
  {
    "Rayon": "Boissons",
    "Libellé produit": "Eau gazeuse Badoit verte. finement pétillante. pet",
    "Marque": "BADOIT",
    "Code Produit": 407999,
    "Température": "Ambiant",
    "Conditionnement": "Portion de 330 ml. Colis de 30 portions.",
    "Unité de commande": "colis",
    "Prix": "30,49 EUR",
    "Prix à l'unité de mesure": "3,08 EUR / L",
    "Prix à la portion": "1,02 EUR / Portion",
    "DLC garantie au client": "30 jour(s)"
  },
  {
    "Rayon": "Crèmerie Œufs Fromages",
    "Libellé produit": "Vache qui rit 19.5 % m.g.",
    "Marque": "BEL",
    "Code Produit": 409524,
    "Température": "Frais",
    "Conditionnement": "Portion de 17.5 g. Coffret de 80 portions.",
    "Unité de commande": "coffret",
    "Prix": "19,73 EUR",
    "Prix à l'unité de mesure": "14,09 EUR / kg",
    "Prix à la portion": "0,25 EUR / Portion",
    "DLC garantie au client": "7 jour(s)"
  },
  {
    "Rayon": "Épicerie",
    "Libellé produit": "Miel de fleurs liquide",
    "Marque": "LUNE DE MIEL",
    "Code Produit": 410104,
    "Température": "Ambiant",
    "Conditionnement": "Portion de 20 g. Colis de 180 portions.",
    "Unité de commande": "colis",
    "Prix": "28,48 EUR",
    "Prix à l'unité de mesure": "7,91 EUR / kg",
    "Prix à la portion": "0,16 EUR / Portion",
    "DLC garantie au client": "30 jour(s)"
  },
  {
    "Rayon": "Accompagnements Assaisonnement",
    "Libellé produit": "Olive noire confite petite. dénoyautée calibre 40/45",
    "Marque": "MARTIN'S",
    "Code Produit": 410134,
    "Température": "Ambiant",
    "Conditionnement": "Par boite 5/1 de 4.3 kg. Colis de 3 boites 5/1.",
    "Unité de commande": "boite 5/1",
    "Prix": "11,76 EUR",
    "Prix à l'unité de mesure": "2,73 EUR / kg",
    "Prix à la portion": "35,27 EUR / colis",
    "DLC garantie au client": "30 jour(s)"
  },
  {
    "Rayon": "Épicerie",
    "Libellé produit": "Miel 2 variétés. 36 miel de fleurs. 12 miel d'acacia",
    "Marque": "LUNE DE MIEL",
    "Code Produit": 410525,
    "Température": "Ambiant",
    "Conditionnement": "Portion de 25 g. Présentoir de 48 portions.",
    "Unité de commande": "présentoir",
    "Prix": "30,10 EUR",
    "Prix à l'unité de mesure": "25,08 EUR / kg",
    "Prix à la portion": "0,63 EUR / Portion",
    "DLC garantie au client": "30 jour(s)"
  },
  {
    "Rayon": "Boissons",
    "Libellé produit": "Cristaline",
    "Marque": "CRISTALINE",
    "Code Produit": 410605,
    "Température": "Ambiant",
    "Conditionnement": "Portion de 500 ml. Colis de 24 portions.",
    "Unité de commande": "colis",
    "Prix": "4,65 EUR",
    "Prix à l'unité de mesure": "0,39 EUR / L",
    "Prix à la portion": "0,19 EUR / Portion",
    "DLC garantie au client": "30 jour(s)"
  },
  {
    "Rayon": "Charcuterie Traiteur",
    "Libellé produit": "Thon listao en morceaux nature",
    "Marque": "MARTIN'S",
    "Code Produit": 410834,
    "Température": "Ambiant",
    "Conditionnement": "Par boite de 800 g. Colis de 12 boites.",
    "Unité de commande": "boite",
    "Prix": "5,75 EUR",
    "Prix à l'unité de mesure": "7,19 EUR / kg",
    "Prix à la portion": "69,05 EUR / colis",
    "DLC garantie au client": "30 jour(s)"
  },
  {
    "Rayon": "Fruits et Légumes",
    "Libellé produit": "Melon charentais. catégorie 1",
    "Marque": "STKFL",
    "Code Produit": 411007,
    "Température": "Frais",
    "Conditionnement": "Par pièce de 1 kg.",
    "Unité de commande": "pièce",
    "Prix": "3,55 EUR",
    "Prix à l'unité de mesure": "3,55 EUR / kg",
    "Prix à la portion": "",
    "DLC garantie au client": ""
  },
  {
    "Rayon": "Accompagnements Assaisonnement",
    "Libellé produit": "Sel gros",
    "Marque": "CEREBOS",
    "Code Produit": 412775,
    "Température": "Ambiant",
    "Conditionnement": "Par seau de 5 kg.",
    "Unité de commande": "seau",
    "Prix": "4,75 EUR",
    "Prix à l'unité de mesure": "0,95 EUR / kg",
    "Prix à la portion": "",
    "DLC garantie au client": ""
  },
  {
    "Rayon": "Accompagnements Assaisonnement",
    "Libellé produit": "Sel fin",
    "Marque": "CEREBOS",
    "Code Produit": 412783,
    "Température": "Ambiant",
    "Conditionnement": "Par seau de 5 kg.",
    "Unité de commande": "seau",
    "Prix": "4,57 EUR",
    "Prix à l'unité de mesure": "0,91 EUR / kg",
    "Prix à la portion": "",
    "DLC garantie au client": ""
  },
  {
    "Rayon": "Épicerie",
    "Libellé produit": "Confiture à la myrtille. au jus de mure",
    "Marque": "PETITES PARISIENNE",
    "Code Produit": 413921,
    "Température": "Ambiant",
    "Conditionnement": "Portion de 28 g. Colis de 80 portions.",
    "Unité de commande": "colis",
    "Prix": "44,42 EUR",
    "Prix à l'unité de mesure": "19,83 EUR / kg",
    "Prix à la portion": "0,56 EUR / Portion",
    "DLC garantie au client": "30 jour(s)"
  },
  {
    "Rayon": "Crèmerie Œufs Fromages",
    "Libellé produit": "Crème sucrée sous pression. 37 % m.g.",
    "Marque": "DEBIC",
    "Code Produit": 414409,
    "Température": "Frais",
    "Conditionnement": "Par bombe de 700 ml. Colis de 6 bombes.",
    "Unité de commande": "bombe",
    "Prix": "8,18 EUR",
    "Prix à l'unité de mesure": "11,69 EUR / L",
    "Prix à la portion": "49,09 EUR / colis",
    "DLC garantie au client": "7 jour(s)"
  },
  {
    "Rayon": "Épicerie",
    "Libellé produit": "Confiture 5 parfums assortis. 30 g",
    "Marque": "ST MAMET",
    "Code Produit": 416057,
    "Température": "Ambiant",
    "Conditionnement": "Portion de 30 g. Colis de 120 portions.",
    "Unité de commande": "colis",
    "Prix": "8,80 EUR",
    "Prix à l'unité de mesure": "2,44 EUR / kg",
    "Prix à la portion": "0,07 EUR / Portion",
    "DLC garantie au client": "30 jour(s)"
  },
  {
    "Rayon": "Épicerie",
    "Libellé produit": "Infusion Verveine 100 sachets. fraicheur",
    "Marque": "LIPTON",
    "Code Produit": 416982,
    "Température": "Ambiant",
    "Conditionnement": "Portion de 1.5 g. Boite de 100 portions.",
    "Unité de commande": "boite",
    "Prix": "9,16 EUR",
    "Prix à l'unité de mesure": "61,04 EUR / kg",
    "Prix à la portion": "0,09 EUR / Portion",
    "DLC garantie au client": "30 jour(s)"
  },
  {
    "Rayon": "Fruits et Légumes",
    "Libellé produit": "Citron vert. catégorie 1",
    "Marque": "STKFL",
    "Code Produit": 422721,
    "Température": "Frais",
    "Conditionnement": "Par filet de 1 kg.",
    "Unité de commande": "filet",
    "Prix": "3,55 EUR",
    "Prix à l'unité de mesure": "3,55 EUR / kg",
    "Prix à la portion": "",
    "DLC garantie au client": ""
  },
  {
    "Rayon": "Fruits et Légumes",
    "Libellé produit": "Banane moyenne P20. catégorie 1",
    "Marque": "STKFL",
    "Code Produit": 422740,
    "Température": "Frais",
    "Conditionnement": "Portion de 178.571 g. Colis de 28 portions.",
    "Unité de commande": "colis",
    "Prix": "9,07 EUR",
    "Prix à l'unité de mesure": "1,81 EUR / kg",
    "Prix à la portion": "0,32 EUR / Portion",
    "DLC garantie au client": ""
  },
  {
    "Rayon": "Fruits et Légumes",
    "Libellé produit": "Pomelos. catégorie1. 55 fruits",
    "Marque": "STKFL",
    "Code Produit": 422788,
    "Température": "Frais",
    "Conditionnement": "Pièce de 272 g. Colis de 55 pièces.",
    "Unité de commande": "colis",
    "Prix": "31,68 EUR",
    "Prix à l'unité de mesure": "2,12 EUR / kg",
    "Prix à la portion": "0,58 EUR / pièce",
    "DLC garantie au client": ""
  },
  {
    "Rayon": "Fruits et Légumes",
    "Libellé produit": "Champignon blanc Paris 500 g",
    "Marque": "STKFL",
    "Code Produit": 422882,
    "Température": "Frais",
    "Conditionnement": "Par barquette de 500 g.",
    "Unité de commande": "barquette",
    "Prix": "2,36 EUR",
    "Prix à l'unité de mesure": "4,71 EUR / kg",
    "Prix à la portion": "",
    "DLC garantie au client": ""
  },
  {
    "Rayon": "Fruits et Légumes",
    "Libellé produit": "Kiwi cal 39. catégorie 1",
    "Marque": "STKFL",
    "Code Produit": 422904,
    "Température": "Frais",
    "Conditionnement": "Pièce de 78 g. Colis de 39 pièces.",
    "Unité de commande": "colis",
    "Prix": "20,24 EUR",
    "Prix à l'unité de mesure": "6,65 EUR / kg",
    "Prix à la portion": "0,52 EUR / pièce",
    "DLC garantie au client": ""
  },
  {
    "Rayon": "Pâtisserie Biscuiterie Confiserie",
    "Libellé produit": "Cigarettes russes",
    "Marque": "DELACRE",
    "Code Produit": 423491,
    "Température": "Ambiant",
    "Conditionnement": "Portion de 7.143 g. Boite de 196 portions.",
    "Unité de commande": "boite",
    "Prix": "14,74 EUR",
    "Prix à l'unité de mesure": "10,53 EUR / kg",
    "Prix à la portion": "0,08 EUR / Portion",
    "DLC garantie au client": "30 jour(s)"
  },
  {
    "Rayon": "Épicerie",
    "Libellé produit": "Grand mélange salé",
    "Marque": "MENGUY'S",
    "Code Produit": 423707,
    "Température": "Ambiant",
    "Conditionnement": "Par sachet de 1 kg. Colis de 10 sachets.",
    "Unité de commande": "sachet",
    "Prix": "12,70 EUR",
    "Prix à l'unité de mesure": "12,70 EUR / kg",
    "Prix à la portion": "127,02 EUR / colis",
    "DLC garantie au client": "30 jour(s)"
  },
  {
    "Rayon": "Crèmerie Œufs Fromages",
    "Libellé produit": "Fromage blanc battu au lait. demi écrémé 3.2% m.g.",
    "Marque": "YOPLAIT",
    "Code Produit": 425083,
    "Température": "Frais",
    "Conditionnement": "Par seau de 5 kg.",
    "Unité de commande": "seau",
    "Prix": "11,08 EUR",
    "Prix à l'unité de mesure": "2,22 EUR / kg",
    "Prix à la portion": "",
    "DLC garantie au client": "7 jour(s)"
  },
  {
    "Rayon": "Fruits et Légumes",
    "Libellé produit": "Courgette 14/21. catégorie 1",
    "Marque": "STKFL",
    "Code Produit": 429359,
    "Température": "Frais",
    "Conditionnement": "Par barquette de 1.2 kg.",
    "Unité de commande": "barquette",
    "Prix": "2,26 EUR",
    "Prix à l'unité de mesure": "1,88 EUR / kg",
    "Prix à la portion": "",
    "DLC garantie au client": ""
  },
  {
    "Rayon": "Fruits et Légumes",
    "Libellé produit": "Pomelos. catégorie 1",
    "Marque": "STKFL",
    "Code Produit": 429367,
    "Température": "Frais",
    "Conditionnement": "Par barquette de 1.332 kg.",
    "Unité de commande": "barquette",
    "Prix": "2,33 EUR",
    "Prix à l'unité de mesure": "1,75 EUR / kg",
    "Prix à la portion": "",
    "DLC garantie au client": ""
  },
  {
    "Rayon": "Fruits et Légumes",
    "Libellé produit": "Concombre. catégorie 1",
    "Marque": "STKFL",
    "Code Produit": 429369,
    "Température": "Frais",
    "Conditionnement": "Par barquette de 900 g.",
    "Unité de commande": "barquette",
    "Prix": "1,88 EUR",
    "Prix à l'unité de mesure": "2,08 EUR / kg",
    "Prix à la portion": "",
    "DLC garantie au client": ""
  },
  {
    "Rayon": "Fruits et Légumes",
    "Libellé produit": "Chou fleur. catégorie 1",
    "Marque": "STKFL",
    "Code Produit": 429370,
    "Température": "Frais",
    "Conditionnement": "Par barquette de 1.3 kg.",
    "Unité de commande": "barquette",
    "Prix": "1,98 EUR",
    "Prix à l'unité de mesure": "1,52 EUR / kg",
    "Prix à la portion": "",
    "DLC garantie au client": ""
  },
  {
    "Rayon": "Crèmerie Œufs Fromages",
    "Libellé produit": "Brassé végétal au lai de coco",
    "Marque": "ANDROS",
    "Code Produit": 430311,
    "Température": "Frais",
    "Conditionnement": "Pot de 400 g. Colis de 6 pots.",
    "Unité de commande": "colis",
    "Prix": "14,18 EUR",
    "Prix à l'unité de mesure": "5,91 EUR / kg",
    "Prix à la portion": "2,36 EUR / pot",
    "DLC garantie au client": "7 jour(s)"
  },
  {
    "Rayon": "Crèmerie Œufs Fromages",
    "Libellé produit": "Yaourt aux fraises 125g",
    "Marque": "BONNE MAMAN",
    "Code Produit": 430313,
    "Température": "Frais",
    "Conditionnement": "Lot de 250 g. Colis de 6 lots. Lot de 2 portions.",
    "Unité de commande": "colis",
    "Prix": "11,81 EUR",
    "Prix à l'unité de mesure": "7,88 EUR / kg",
    "Prix à la portion": "1,97 EUR / lot",
    "DLC garantie au client": "7 jour(s)"
  },
  {
    "Rayon": "Crèmerie Œufs Fromages",
    "Libellé produit": "Yaourt aux cerises 125g",
    "Marque": "BONNE MAMAN",
    "Code Produit": 430315,
    "Température": "Frais",
    "Conditionnement": "Lot de 250 g. Colis de 6 lots. Lot de 2 portions.",
    "Unité de commande": "colis",
    "Prix": "12,32 EUR",
    "Prix à l'unité de mesure": "8,22 EUR / kg",
    "Prix à la portion": "2,05 EUR / lot",
    "DLC garantie au client": "7 jour(s)"
  },
  {
    "Rayon": "Crèmerie Œufs Fromages",
    "Libellé produit": "Yaourt aux abricots 125g",
    "Marque": "BONNE MAMAN",
    "Code Produit": 430316,
    "Température": "Frais",
    "Conditionnement": "Lot de 250 g. Colis de 6 lots. Lot de 2 portions.",
    "Unité de commande": "colis",
    "Prix": "11,81 EUR",
    "Prix à l'unité de mesure": "7,88 EUR / kg",
    "Prix à la portion": "1,97 EUR / lot",
    "DLC garantie au client": "7 jour(s)"
  },
  {
    "Rayon": "Viandes Volailles Gibier",
    "Libellé produit": "Noix entrecôte",
    "Marque": "BEAUVALLET RESTAURATION",
    "Code Produit": 431931,
    "Température": "Frais",
    "Conditionnement": "Portion de 300 g. Poche de 6 portions.",
    "Unité de commande": "poche",
    "Prix": "51,40 EUR",
    "Prix à l'unité de mesure": "28,55 EUR / kg",
    "Prix à la portion": "8,57 EUR / Portion",
    "DLC garantie au client": "5 jour(s)"
  },
  {
    "Rayon": "Viandes Volailles Gibier",
    "Libellé produit": "Steack haché façon bouchère. 15% matière grasse",
    "Marque": "BEAUVALLET RESTAURATION",
    "Code Produit": 431969,
    "Température": "Frais",
    "Conditionnement": "Portion de 150 g. Colis de 16 portions.",
    "Unité de commande": "colis",
    "Prix": "31,65 EUR",
    "Prix à l'unité de mesure": "13,19 EUR / kg",
    "Prix à la portion": "1,98 EUR / Portion",
    "DLC garantie au client": "3 jour(s)"
  },
  {
    "Rayon": "Crèmerie Œufs Fromages",
    "Libellé produit": "Yaourt nature bio",
    "Marque": "DANONE",
    "Code Produit": 431982,
    "Température": "Frais",
    "Conditionnement": "Plaque de 460 g. Colis de 12 plaques. Plaque de 4 portions.",
    "Unité de commande": "colis",
    "Prix": "20,68 EUR",
    "Prix à l'unité de mesure": "3,75 EUR / kg",
    "Prix à la portion": "1,72 EUR / plaque",
    "DLC garantie au client": "7 jour(s)"
  },
  {
    "Rayon": "Crèmerie Œufs Fromages",
    "Libellé produit": "Yaourt aromatisé panaché. citron fraise bio",
    "Marque": "DANONE",
    "Code Produit": 431983,
    "Température": "Frais",
    "Conditionnement": "Plaque de 460 g. Colis de 12 plaques. Plaque de 4 portions.",
    "Unité de commande": "colis",
    "Prix": "23,45 EUR",
    "Prix à l'unité de mesure": "4,25 EUR / kg",
    "Prix à la portion": "1,95 EUR / plaque",
    "DLC garantie au client": "7 jour(s)"
  },
  {
    "Rayon": "Poissons Coquillages Crustacés",
    "Libellé produit": "Saumon fumé tranché main. longueur norvège",
    "Marque": "",
    "Code Produit": 432105,
    "Température": "Frais",
    "Conditionnement": "Par pièce de 1.5 kg.",
    "Unité de commande": "pièce",
    "Prix": "65,39 EUR",
    "Prix à l'unité de mesure": "43,59 EUR / kg",
    "Prix à la portion": "",
    "DLC garantie au client": "6 jour(s)"
  },
  {
    "Rayon": "Poissons Coquillages Crustacés",
    "Libellé produit": "Crevette cuite calibre 30/50",
    "Marque": "",
    "Code Produit": 432110,
    "Température": "Frais",
    "Conditionnement": "Par barquette de 2 kg.",
    "Unité de commande": "barquette",
    "Prix": "20,56 EUR",
    "Prix à l'unité de mesure": "10,28 EUR / kg",
    "Prix à la portion": "",
    "DLC garantie au client": "4 jour(s)"
  },
  {
    "Rayon": "Poissons Coquillages Crustacés",
    "Libellé produit": "Filet dorade royale avec peau",
    "Marque": "",
    "Code Produit": 432111,
    "Température": "Frais",
    "Conditionnement": "Portion de 150 g. Barquette de 10 portions.",
    "Unité de commande": "barquette",
    "Prix": "35,41 EUR",
    "Prix à l'unité de mesure": "23,61 EUR / kg",
    "Prix à la portion": "3,54 EUR / Portion",
    "DLC garantie au client": "3 jour(s)"
  },
  {
    "Rayon": "Poissons Coquillages Crustacés",
    "Libellé produit": "Filet Bar",
    "Marque": "",
    "Code Produit": 432125,
    "Température": "Frais",
    "Conditionnement": "Portion de 150 g. Barquette de 10 portions.",
    "Unité de commande": "barquette",
    "Prix": "41,36 EUR",
    "Prix à l'unité de mesure": "27,57 EUR / kg",
    "Prix à la portion": "4,14 EUR / Portion",
    "DLC garantie au client": "3 jour(s)"
  },
  {
    "Rayon": "Poissons Coquillages Crustacés",
    "Libellé produit": "Filet églefin sans peau sans. arrête atlantique nord est",
    "Marque": "",
    "Code Produit": 432136,
    "Température": "Frais",
    "Conditionnement": "Par pièce de 3 kg.",
    "Unité de commande": "pièce",
    "Prix": "44,78 EUR",
    "Prix à l'unité de mesure": "14,93 EUR / kg",
    "Prix à la portion": "",
    "DLC garantie au client": ""
  },
  {
    "Rayon": "Poissons Coquillages Crustacés",
    "Libellé produit": "Pot crevette grosse saumure",
    "Marque": "",
    "Code Produit": 432144,
    "Température": "Frais",
    "Conditionnement": "Par pot de 900 g. Colis de 6 pots.",
    "Unité de commande": "pot",
    "Prix": "15,83 EUR",
    "Prix à l'unité de mesure": "17,59 EUR / kg",
    "Prix à la portion": "94,97 EUR / colis",
    "DLC garantie au client": "5 jour(s)"
  },
  {
    "Rayon": "Épicerie",
    "Libellé produit": "Oeuf de lompe noir",
    "Marque": "",
    "Code Produit": 432146,
    "Température": "Frais",
    "Conditionnement": "Par pot de 100 g. Colis de 12 pots.",
    "Unité de commande": "pot",
    "Prix": "3,11 EUR",
    "Prix à l'unité de mesure": "31,09 EUR / kg",
    "Prix à la portion": "37,31 EUR / colis",
    "DLC garantie au client": "15 jour(s)"
  },
  {
    "Rayon": "Crèmerie Œufs Fromages",
    "Libellé produit": "Oeufs brouillés frais plein. air",
    "Marque": "OVOTEAM",
    "Code Produit": 432214,
    "Température": "Frais",
    "Conditionnement": "Par barquette de 1 kg. Colis de 4 barquettes.",
    "Unité de commande": "barquette",
    "Prix": "7,47 EUR",
    "Prix à l'unité de mesure": "7,47 EUR / kg",
    "Prix à la portion": "29,88 EUR / colis",
    "DLC garantie au client": "7 jour(s)"
  },
  {
    "Rayon": "Crèmerie Œufs Fromages",
    "Libellé produit": "Oeufs brouillés natures. plein air",
    "Marque": "OVOTEAM",
    "Code Produit": 432241,
    "Température": "Frais",
    "Conditionnement": "Par barquette de 500 g. Colis de 8 barquettes.",
    "Unité de commande": "barquette",
    "Prix": "4,78 EUR",
    "Prix à l'unité de mesure": "9,56 EUR / kg",
    "Prix à la portion": "38,26 EUR / colis",
    "DLC garantie au client": "7 jour(s)"
  },
  {
    "Rayon": "Poissons Coquillages Crustacés",
    "Libellé produit": "Dorade royale avec peau asc",
    "Marque": "",
    "Code Produit": 432328,
    "Température": "Frais",
    "Conditionnement": "Portion de 200 g. Barquette de 10 portions.",
    "Unité de commande": "barquette",
    "Prix": "63,07 EUR",
    "Prix à l'unité de mesure": "31,54 EUR / kg",
    "Prix à la portion": "6,31 EUR / Portion",
    "DLC garantie au client": "3 jour(s)"
  },
  {
    "Rayon": "Poissons Coquillages Crustacés",
    "Libellé produit": "Dorade royale avec peau asc",
    "Marque": "",
    "Code Produit": 432329,
    "Température": "Frais",
    "Conditionnement": "Portion de 150 g. Barquette de 10 portions.",
    "Unité de commande": "barquette",
    "Prix": "46,07 EUR",
    "Prix à l'unité de mesure": "30,71 EUR / kg",
    "Prix à la portion": "4,61 EUR / Portion",
    "DLC garantie au client": ""
  },
  {
    "Rayon": "Poissons Coquillages Crustacés",
    "Libellé produit": "Filet bar avec peau asc",
    "Marque": "",
    "Code Produit": 432331,
    "Température": "Frais",
    "Conditionnement": "Portion de 200 g. Barquette de 10 portions.",
    "Unité de commande": "barquette",
    "Prix": "65,08 EUR",
    "Prix à l'unité de mesure": "32,54 EUR / kg",
    "Prix à la portion": "6,51 EUR / Portion",
    "DLC garantie au client": "3 jour(s)"
  },
  {
    "Rayon": "Poissons Coquillages Crustacés",
    "Libellé produit": "Queue d'écrevisses de. louisiane en saumure",
    "Marque": "",
    "Code Produit": 432341,
    "Température": "Frais",
    "Conditionnement": "Par seau de 900 g.",
    "Unité de commande": "seau",
    "Prix": "30,67 EUR",
    "Prix à l'unité de mesure": "34,08 EUR / kg",
    "Prix à la portion": "",
    "DLC garantie au client": ""
  },
  {
    "Rayon": "Viandes Volailles Gibier",
    "Libellé produit": "Cuisse de lapin nue sans queue",
    "Marque": "LE GAULOIS PROF",
    "Code Produit": 432382,
    "Température": "Frais",
    "Conditionnement": "Pièce de 200 g. Colis de 20 pièces.",
    "Unité de commande": "colis",
    "Prix": "58,56 EUR",
    "Prix à l'unité de mesure": "14,64 EUR / kg",
    "Prix à la portion": "2,93 EUR / pièce",
    "DLC garantie au client": "5 jour(s)"
  },
  {
    "Rayon": "Viandes Volailles Gibier",
    "Libellé produit": "Escalope de dinde",
    "Marque": "LE GAULOIS PROF",
    "Code Produit": 432386,
    "Température": "Frais",
    "Conditionnement": "Poche de 1.2 kg. Colis de 5 poches. Poche de 10 portions.",
    "Unité de commande": "colis",
    "Prix": "54,92 EUR",
    "Prix à l'unité de mesure": "9,15 EUR / kg",
    "Prix à la portion": "10,98 EUR / poche",
    "DLC garantie au client": "8 jour(s)"
  },
  {
    "Rayon": "Viandes Volailles Gibier",
    "Libellé produit": "Râble de lapin",
    "Marque": "LE GAULOIS PROF",
    "Code Produit": 432387,
    "Température": "Frais",
    "Conditionnement": "Pièce de 350 g. Colis de 16 pièces.",
    "Unité de commande": "colis",
    "Prix": "75,23 EUR",
    "Prix à l'unité de mesure": "13,43 EUR / kg",
    "Prix à la portion": "4,70 EUR / pièce",
    "DLC garantie au client": "5 jour(s)"
  },
  {
    "Rayon": "Viandes Volailles Gibier",
    "Libellé produit": "Cuisse de canette",
    "Marque": "LE GAULOIS PROF",
    "Code Produit": 432407,
    "Température": "Frais",
    "Conditionnement": "Pièce de 180 g. Colis de 30 pièces.",
    "Unité de commande": "colis",
    "Prix": "50,97 EUR",
    "Prix à l'unité de mesure": "9,44 EUR / kg",
    "Prix à la portion": "1,70 EUR / pièce",
    "DLC garantie au client": "3 jour(s)"
  },
  {
    "Rayon": "Viandes Volailles Gibier",
    "Libellé produit": "Rôti filet de dinde non bardé",
    "Marque": "LE GAULOIS PROF",
    "Code Produit": 432413,
    "Température": "Frais",
    "Conditionnement": "Poche de 2 kg. Colis de 2 poches.",
    "Unité de commande": "colis",
    "Prix": "40,48 EUR",
    "Prix à l'unité de mesure": "10,12 EUR / kg",
    "Prix à la portion": "20,24 EUR / poche",
    "DLC garantie au client": "5 jour(s)"
  },
  {
    "Rayon": "Viandes Volailles Gibier",
    "Libellé produit": "Cuisse de poulet avec dos",
    "Marque": "LE GAULOIS PROF",
    "Code Produit": 432423,
    "Température": "Frais",
    "Conditionnement": "Poche de 2.3 kg. Colis de 3 poches. Poche de 10 portions.",
    "Unité de commande": "colis",
    "Prix": "26,41 EUR",
    "Prix à l'unité de mesure": "3,83 EUR / kg",
    "Prix à la portion": "8,80 EUR / poche",
    "DLC garantie au client": "5 jour(s)"
  },
  {
    "Rayon": "Viandes Volailles Gibier",
    "Libellé produit": "Emincé haut de cuisse de dinde",
    "Marque": "LE GAULOIS PROF",
    "Code Produit": 432425,
    "Température": "Frais",
    "Conditionnement": "Poche de 2.5 kg. Colis de 4 poches.",
    "Unité de commande": "colis",
    "Prix": "70,45 EUR",
    "Prix à l'unité de mesure": "7,05 EUR / kg",
    "Prix à la portion": "17,61 EUR / poche",
    "DLC garantie au client": "5 jour(s)"
  },
  {
    "Rayon": "Crèmerie Œufs Fromages",
    "Libellé produit": "Chèvre affinés spécial cuisson. 24% m.g.",
    "Marque": "RIANS RESTAURATION",
    "Code Produit": 432481,
    "Température": "Frais",
    "Conditionnement": "Portion de 20 g. Colis de 24 portions.",
    "Unité de commande": "colis",
    "Prix": "12,01 EUR",
    "Prix à l'unité de mesure": "25,02 EUR / kg",
    "Prix à la portion": "0,50 EUR / Portion",
    "DLC garantie au client": "7 jour(s)"
  },
  {
    "Rayon": "Poissons Coquillages Crustacés",
    "Libellé produit": "Huitre perles de l'imperatrice. calibre n¯2",
    "Marque": "",
    "Code Produit": 432484,
    "Température": "Frais",
    "Conditionnement": "Portion de 110 g. Bourriche de 50 portions.",
    "Unité de commande": "bourriche",
    "Prix": "80,59 EUR",
    "Prix à l'unité de mesure": "14,65 EUR / kg",
    "Prix à la portion": "1,61 EUR / Portion",
    "DLC garantie au client": ""
  },
  {
    "Rayon": "Épicerie",
    "Libellé produit": "Oeufs de truite",
    "Marque": "",
    "Code Produit": 432488,
    "Température": "Frais",
    "Conditionnement": "Par pot de 90 g.",
    "Unité de commande": "pot",
    "Prix": "10,95 EUR",
    "Prix à l'unité de mesure": "121,66 EUR / kg",
    "Prix à la portion": "",
    "DLC garantie au client": "5 jour(s)"
  },
  {
    "Rayon": "Poissons Coquillages Crustacés",
    "Libellé produit": "Aile de raie pelee 1 face",
    "Marque": "",
    "Code Produit": 432537,
    "Température": "Frais",
    "Conditionnement": "Par pièce de 6 kg.",
    "Unité de commande": "pièce",
    "Prix": "82,87 EUR",
    "Prix à l'unité de mesure": "13,81 EUR / kg",
    "Prix à la portion": "",
    "DLC garantie au client": ""
  },
  {
    "Rayon": "Poissons Coquillages Crustacés",
    "Libellé produit": "Bar de ligne entier",
    "Marque": "",
    "Code Produit": 432560,
    "Température": "Ex.null",
    "Conditionnement": "Par pièce de 1.5 kg.",
    "Unité de commande": "pièce",
    "Prix": "52,49 EUR",
    "Prix à l'unité de mesure": "34,99 EUR / kg",
    "Prix à la portion": "",
    "DLC garantie au client": ""
  },
  {
    "Rayon": "Boissons",
    "Libellé produit": "Cristaline",
    "Marque": "CRISTALINE",
    "Code Produit": 439240,
    "Température": "Ambiant",
    "Conditionnement": "Bouteille de 1.5 litre. Colis de 6 bouteilles.",
    "Unité de commande": "colis",
    "Prix": "1,51 EUR",
    "Prix à l'unité de mesure": "0,17 EUR / L",
    "Prix à la portion": "0,25 EUR / bouteille",
    "DLC garantie au client": "30 jour(s)"
  },
  {
    "Rayon": "Boissons",
    "Libellé produit": "Eau minérale evian. rpet",
    "Marque": "EVIAN",
    "Code Produit": 440339,
    "Température": "Ambiant",
    "Conditionnement": "Pack de 3 litre. Colis de 5 packs. Pack de 6 portions.",
    "Unité de commande": "colis",
    "Prix": "20,65 EUR",
    "Prix à l'unité de mesure": "1,38 EUR / L",
    "Prix à la portion": "4,13 EUR / pack",
    "DLC garantie au client": "30 jour(s)"
  },
  {
    "Rayon": "Accompagnements Assaisonnement",
    "Libellé produit": "Ratatouille aux légumes",
    "Marque": "BONDUELLE FOOD SERVICE",
    "Code Produit": 443564,
    "Température": "Surgele",
    "Conditionnement": "Par sachet de 2.5 kg. Colis de 4 sachets.",
    "Unité de commande": "sachet",
    "Prix": "6,99 EUR",
    "Prix à l'unité de mesure": "2,80 EUR / kg",
    "Prix à la portion": "27,97 EUR / colis",
    "DLC garantie au client": "30 jour(s)"
  },
  {
    "Rayon": "Accompagnements Assaisonnement",
    "Libellé produit": "Haricots verts extra fins. cuit, minute ce2",
    "Marque": "BONDUELLE FOOD SERVICE",
    "Code Produit": 443572,
    "Température": "Surgele",
    "Conditionnement": "Par sachet de 2.5 kg. Colis de 4 sachets.",
    "Unité de commande": "sachet",
    "Prix": "10,48 EUR",
    "Prix à l'unité de mesure": "4,19 EUR / kg",
    "Prix à la portion": "41,90 EUR / colis",
    "DLC garantie au client": "30 jour(s)"
  },
  {
    "Rayon": "Accompagnements Assaisonnement",
    "Libellé produit": "Julienne de légumes express",
    "Marque": "D'AUCY",
    "Code Produit": 444000,
    "Température": "Surgele",
    "Conditionnement": "Par sachet de 2.5 kg. Colis de 4 sachets.",
    "Unité de commande": "sachet",
    "Prix": "6,43 EUR",
    "Prix à l'unité de mesure": "2,57 EUR / kg",
    "Prix à la portion": "25,72 EUR / colis",
    "DLC garantie au client": "30 jour(s)"
  },
  {
    "Rayon": "Accompagnements Assaisonnement",
    "Libellé produit": "Brocolis",
    "Marque": "BONDUELLE FOOD SERVICE",
    "Code Produit": 444091,
    "Température": "Surgele",
    "Conditionnement": "Par sachet de 2.5 kg. Colis de 4 sachets.",
    "Unité de commande": "sachet",
    "Prix": "10,28 EUR",
    "Prix à l'unité de mesure": "4,11 EUR / kg",
    "Prix à la portion": "41,10 EUR / colis",
    "DLC garantie au client": "30 jour(s)"
  },
  {
    "Rayon": "Accompagnements Assaisonnement",
    "Libellé produit": "Frites 6/6 original. Pommes allumettes préfites",
    "Marque": "MC CAIN",
    "Code Produit": 447086,
    "Température": "Surgele",
    "Conditionnement": "Sachet de 2.5 kg. Colis de 5 sachets.",
    "Unité de commande": "colis",
    "Prix": "33,28 EUR",
    "Prix à l'unité de mesure": "2,66 EUR / kg",
    "Prix à la portion": "6,66 EUR / sachet",
    "DLC garantie au client": "30 jour(s)"
  },
  {
    "Rayon": "Accompagnements Assaisonnement",
    "Libellé produit": "brunoise legumes express",
    "Marque": "D'AUCY",
    "Code Produit": 447730,
    "Température": "Surgele",
    "Conditionnement": "Par sachet de 2.5 kg. Colis de 4 sachets.",
    "Unité de commande": "sachet",
    "Prix": "5,48 EUR",
    "Prix à l'unité de mesure": "2,19 EUR / kg",
    "Prix à la portion": "21,91 EUR / colis",
    "DLC garantie au client": "30 jour(s)"
  },
  {
    "Rayon": "Épicerie",
    "Libellé produit": "Miel de fleurs liquide",
    "Marque": "LUNE DE MIEL",
    "Code Produit": 450101,
    "Température": "Ambiant",
    "Conditionnement": "Portion de 20 g. Colis de 120 portions.",
    "Unité de commande": "colis",
    "Prix": "21,02 EUR",
    "Prix à l'unité de mesure": "8,76 EUR / kg",
    "Prix à la portion": "0,18 EUR / Portion",
    "DLC garantie au client": "30 jour(s)"
  },
  {
    "Rayon": "Épicerie",
    "Libellé produit": "Miel de fleurs liquide",
    "Marque": "LUNE DE MIEL",
    "Code Produit": 450400,
    "Température": "Ambiant",
    "Conditionnement": "Portion de 25 g. Colis de 120 portions.",
    "Unité de commande": "colis",
    "Prix": "27,15 EUR",
    "Prix à l'unité de mesure": "9,05 EUR / kg",
    "Prix à la portion": "0,23 EUR / Portion",
    "DLC garantie au client": "30 jour(s)"
  },
  {
    "Rayon": "Fruits et Légumes",
    "Libellé produit": "KIWI GOLD CAL36. CATEGORIE 1. 59 FRUITS",
    "Marque": "STKFL",
    "Code Produit": 452178,
    "Température": "Frais",
    "Conditionnement": "Pièce de 101 g. Colis de 59 pièces.",
    "Unité de commande": "colis",
    "Prix": "25,84 EUR",
    "Prix à l'unité de mesure": "4,34 EUR / kg",
    "Prix à la portion": "0,44 EUR / pièce",
    "DLC garantie au client": ""
  },
  {
    "Rayon": "Pâtisserie Biscuiterie Confiserie",
    "Libellé produit": "Sucre glace",
    "Marque": "BEGHIN SAY",
    "Code Produit": 456269,
    "Température": "Ambiant",
    "Conditionnement": "Par sachet de 1 kg. Colis de 6 sachets.",
    "Unité de commande": "sachet",
    "Prix": "3,17 EUR",
    "Prix à l'unité de mesure": "3,17 EUR / kg",
    "Prix à la portion": "19,04 EUR / colis",
    "DLC garantie au client": ""
  },
  {
    "Rayon": "Charcuterie Traiteur",
    "Libellé produit": "Escargots de Bourgogne. LR. helix pomatia linne",
    "Marque": "FDG RESTAURATION",
    "Code Produit": 460345,
    "Température": "Surgele",
    "Conditionnement": "Portion de 8.021 g. Sachet de 48 portions.",
    "Unité de commande": "sachet",
    "Prix": "19,74 EUR",
    "Prix à l'unité de mesure": "51,26 EUR / kg",
    "Prix à la portion": "0,41 EUR / Portion",
    "DLC garantie au client": "30 jour(s)"
  },
  {
    "Rayon": "Viandes Volailles Gibier",
    "Libellé produit": "Noix de joue de boeuf",
    "Marque": "",
    "Code Produit": 460378,
    "Température": "Surgele",
    "Conditionnement": "Par colis de 5 kg.",
    "Unité de commande": "colis",
    "Prix": "60,80 EUR",
    "Prix à l'unité de mesure": "12,16 EUR / kg",
    "Prix à la portion": "",
    "DLC garantie au client": "30 jour(s)"
  },
  {
    "Rayon": "Pains Viennoiserie Pâtes",
    "Libellé produit": "Flûte précuite sur sole",
    "Marque": "BRIDOR",
    "Code Produit": 461194,
    "Température": "Surgele",
    "Conditionnement": "Portion de 70 g. Colis de 55 portions.",
    "Unité de commande": "colis",
    "Prix": "14,08 EUR",
    "Prix à l'unité de mesure": "3,66 EUR / kg",
    "Prix à la portion": "0,26 EUR / Portion",
    "DLC garantie au client": "30 jour(s)"
  },
  {
    "Rayon": "Accompagnements Assaisonnement",
    "Libellé produit": "Fonds brun lié",
    "Marque": "CHEF",
    "Code Produit": 461574,
    "Température": "Ambiant",
    "Conditionnement": "Par boite de 600 g. Colis de 6 boites.",
    "Unité de commande": "boite",
    "Prix": "11,82 EUR",
    "Prix à l'unité de mesure": "19,69 EUR / kg",
    "Prix à la portion": "70,90 EUR / colis",
    "DLC garantie au client": "30 jour(s)"
  },
  {
    "Rayon": "Épicerie",
    "Libellé produit": "Thé pur ceylan. non enveloppé",
    "Marque": "SAGY",
    "Code Produit": 465641,
    "Température": "Ambiant",
    "Conditionnement": "Portion de 2 g. Boite de 25 portions.",
    "Unité de commande": "boite",
    "Prix": "0,66 EUR",
    "Prix à l'unité de mesure": "13,16 EUR / kg",
    "Prix à la portion": "0,03 EUR / Portion",
    "DLC garantie au client": "30 jour(s)"
  },
  {
    "Rayon": "Épicerie",
    "Libellé produit": "Miel de fleurs",
    "Marque": "LUNE DE MIEL",
    "Code Produit": 466102,
    "Température": "Ambiant",
    "Conditionnement": "Par pièce de 500 g. Colis de 12 pièces.",
    "Unité de commande": "pièce",
    "Prix": "6,51 EUR",
    "Prix à l'unité de mesure": "13,01 EUR / kg",
    "Prix à la portion": "78,06 EUR / colis",
    "DLC garantie au client": "30 jour(s)"
  },
  {
    "Rayon": "Desserts Glaces",
    "Libellé produit": "Tartelette tatin",
    "Marque": "SYMPHONIE PASQUIER",
    "Code Produit": 470336,
    "Température": "Surgele",
    "Conditionnement": "Portion de 120 g. Boite de 10 portions.",
    "Unité de commande": "boite",
    "Prix": "11,82 EUR",
    "Prix à l'unité de mesure": "9,85 EUR / kg",
    "Prix à la portion": "1,18 EUR / Portion",
    "DLC garantie au client": "30 jour(s)"
  },
  {
    "Rayon": "Desserts Glaces",
    "Libellé produit": "Mini canelé",
    "Marque": "BONCOLAC",
    "Code Produit": 470625,
    "Température": "Surgele",
    "Conditionnement": "Portion de 16 g. Colis de 150 portions.",
    "Unité de commande": "colis",
    "Prix": "24,52 EUR",
    "Prix à l'unité de mesure": "10,22 EUR / kg",
    "Prix à la portion": "0,16 EUR / Portion",
    "DLC garantie au client": "30 jour(s)"
  },
  {
    "Rayon": "Accompagnements Assaisonnement",
    "Libellé produit": "Vinaigre de vin de Xérès. dop",
    "Marque": "BORGES",
    "Code Produit": 471607,
    "Température": "Ambiant",
    "Conditionnement": "Par bouteille de 1 litre. Colis de 15 bouteilles.",
    "Unité de commande": "bouteille",
    "Prix": "4,38 EUR",
    "Prix à l'unité de mesure": "4,38 EUR / L",
    "Prix à la portion": "65,76 EUR / colis",
    "DLC garantie au client": "30 jour(s)"
  },
  {
    "Rayon": "Épicerie",
    "Libellé produit": "Miel mille fleurs liquide",
    "Marque": "EUROMIEL",
    "Code Produit": 473868,
    "Température": "Ambiant",
    "Conditionnement": "Par pot de 1 kg. Colis de 6 pots.",
    "Unité de commande": "pot",
    "Prix": "6,82 EUR",
    "Prix à l'unité de mesure": "6,82 EUR / kg",
    "Prix à la portion": "40,90 EUR / colis",
    "DLC garantie au client": "30 jour(s)"
  },
  {
    "Rayon": "Épicerie",
    "Libellé produit": "Figue moelleuse",
    "Marque": "MAITRE PRUNILLE",
    "Code Produit": 474221,
    "Température": "Ambiant",
    "Conditionnement": "Par sachet de 1 kg. Colis de 8 sachets.",
    "Unité de commande": "sachet",
    "Prix": "12,84 EUR",
    "Prix à l'unité de mesure": "12,84 EUR / kg",
    "Prix à la portion": "102,68 EUR / colis",
    "DLC garantie au client": "30 jour(s)"
  },
  {
    "Rayon": "Accompagnements Assaisonnement",
    "Libellé produit": "Mise en place primerba pesto. rouge",
    "Marque": "KNORR",
    "Code Produit": 474437,
    "Température": "Ambiant",
    "Conditionnement": "Par bocal de 340 g. Colis de 2 bocaux.",
    "Unité de commande": "bocal",
    "Prix": "15,27 EUR",
    "Prix à l'unité de mesure": "44,90 EUR / kg",
    "Prix à la portion": "30,53 EUR / colis",
    "DLC garantie au client": "30 jour(s)"
  },
  {
    "Rayon": "Crèmerie Œufs Fromages",
    "Libellé produit": "Beurre doux 82 % m.g.. Flechard",
    "Marque": "FLECHARD",
    "Code Produit": 475871,
    "Température": "Frais",
    "Conditionnement": "Par motte de 10 kg.",
    "Unité de commande": "motte",
    "Prix": "95,37 EUR",
    "Prix à l'unité de mesure": "9,54 EUR / kg",
    "Prix à la portion": "",
    "DLC garantie au client": "7 jour(s)"
  },
  {
    "Rayon": "Crèmerie Œufs Fromages",
    "Libellé produit": "Emmental 29 % m.g.",
    "Marque": "LA VIE DE CHATEAU",
    "Code Produit": 476481,
    "Température": "Frais",
    "Conditionnement": "Portion de 30 g. Colis de 100 portions.",
    "Unité de commande": "colis",
    "Prix": "34,67 EUR",
    "Prix à l'unité de mesure": "11,56 EUR / kg",
    "Prix à la portion": "0,35 EUR / Portion",
    "DLC garantie au client": "7 jour(s)"
  },
  {
    "Rayon": "Viandes Volailles Gibier",
    "Libellé produit": "Côte de boeuf dévertébrée",
    "Marque": "BEAUVALLET RESTAURATION",
    "Code Produit": 479709,
    "Température": "Frais",
    "Conditionnement": "Portion de 450 g. Sachet de 4 portions.",
    "Unité de commande": "sachet",
    "Prix": "39,08 EUR",
    "Prix à l'unité de mesure": "21,71 EUR / kg",
    "Prix à la portion": "9,77 EUR / Portion",
    "DLC garantie au client": "7 jour(s)"
  },
  {
    "Rayon": "Viandes Volailles Gibier",
    "Libellé produit": "Faux filet",
    "Marque": "BEAUVALLET RESTAURATION",
    "Code Produit": 479790,
    "Température": "Frais",
    "Conditionnement": "Portion de 180 g. Sachet de 10 portions.",
    "Unité de commande": "sachet",
    "Prix": "37,60 EUR",
    "Prix à l'unité de mesure": "20,89 EUR / kg",
    "Prix à la portion": "3,76 EUR / Portion",
    "DLC garantie au client": "7 jour(s)"
  },
  {
    "Rayon": "Viandes Volailles Gibier",
    "Libellé produit": "Pavé coeur de rumsteak",
    "Marque": "BEAUVALLET RESTAURATION",
    "Code Produit": 479915,
    "Température": "Frais",
    "Conditionnement": "Portion de 180 g. Sachet de 10 portions.",
    "Unité de commande": "sachet",
    "Prix": "38,05 EUR",
    "Prix à l'unité de mesure": "21,14 EUR / kg",
    "Prix à la portion": "3,80 EUR / Portion",
    "DLC garantie au client": "7 jour(s)"
  },
  {
    "Rayon": "Viandes Volailles Gibier",
    "Libellé produit": "Onglet de boeuf ouvert",
    "Marque": "BEAUVALLET RESTAURATION",
    "Code Produit": 479956,
    "Température": "Frais",
    "Conditionnement": "Portion de 160 g. Sachet de 10 portions.",
    "Unité de commande": "sachet",
    "Prix": "34,81 EUR",
    "Prix à l'unité de mesure": "21,76 EUR / kg",
    "Prix à la portion": "3,48 EUR / Portion",
    "DLC garantie au client": "7 jour(s)"
  },
  {
    "Rayon": "Viandes Volailles Gibier",
    "Libellé produit": "Steak hampe de boeuf 160g",
    "Marque": "BEAUVALLET RESTAURATION",
    "Code Produit": 480095,
    "Température": "Frais",
    "Conditionnement": "Portion de 160 g. Sachet de 10 portions.",
    "Unité de commande": "sachet",
    "Prix": "28,53 EUR",
    "Prix à l'unité de mesure": "17,83 EUR / kg",
    "Prix à la portion": "2,85 EUR / Portion",
    "DLC garantie au client": "7 jour(s)"
  },
  {
    "Rayon": "Viandes Volailles Gibier",
    "Libellé produit": "Filet mignon de veau V",
    "Marque": "BEAUVALLET RESTAURATION",
    "Code Produit": 480228,
    "Température": "Frais",
    "Conditionnement": "Par pièce de 1.1 kg.",
    "Unité de commande": "pièce",
    "Prix": "30,63 EUR",
    "Prix à l'unité de mesure": "27,84 EUR / kg",
    "Prix à la portion": "",
    "DLC garantie au client": "7 jour(s)"
  },
  {
    "Rayon": "Viandes Volailles Gibier",
    "Libellé produit": "Sauté de veau V épaule/ bas. carré self frais ou décongelé",
    "Marque": "PRIMBEEF",
    "Code Produit": 480327,
    "Température": "Frais",
    "Conditionnement": "Par sachet de 2 kg.",
    "Unité de commande": "sachet",
    "Prix": "31,80 EUR",
    "Prix à l'unité de mesure": "15,90 EUR / kg",
    "Prix à la portion": "",
    "DLC garantie au client": "7 jour(s)"
  },
  {
    "Rayon": "Viandes Volailles Gibier",
    "Libellé produit": "Escalope noix de veau V",
    "Marque": "BEAUVALLET RESTAURATION",
    "Code Produit": 480368,
    "Température": "Frais",
    "Conditionnement": "Portion de 160 g. Sachet de 10 portions.",
    "Unité de commande": "sachet",
    "Prix": "45,37 EUR",
    "Prix à l'unité de mesure": "28,36 EUR / kg",
    "Prix à la portion": "4,54 EUR / Portion",
    "DLC garantie au client": "7 jour(s)"
  },
  {
    "Rayon": "Viandes Volailles Gibier",
    "Libellé produit": "Carré d'agneau 13 côtes",
    "Marque": "BEAUVALLET RESTAURATION",
    "Code Produit": 480541,
    "Température": "Frais",
    "Conditionnement": "Par pièce de 1.3 kg.",
    "Unité de commande": "pièce",
    "Prix": "32,85 EUR",
    "Prix à l'unité de mesure": "25,27 EUR / kg",
    "Prix à la portion": "",
    "DLC garantie au client": "7 jour(s)"
  },
  {
    "Rayon": "Viandes Volailles Gibier",
    "Libellé produit": "Souris d'agneau frais ou. décongelée",
    "Marque": "BEAUVALLET RESTAURATION",
    "Code Produit": 480657,
    "Température": "Frais",
    "Conditionnement": "Portion de 400 g. Poche de 3 portions.",
    "Unité de commande": "poche",
    "Prix": "20,50 EUR",
    "Prix à l'unité de mesure": "17,08 EUR / kg",
    "Prix à la portion": "6,83 EUR / Portion",
    "DLC garantie au client": "7 jour(s)"
  },
  {
    "Rayon": "Viandes Volailles Gibier",
    "Libellé produit": "Navarin épaule d'agneau. sans os",
    "Marque": "BEAUVALLET RESTAURATION",
    "Code Produit": 480665,
    "Température": "Frais",
    "Conditionnement": "Par sachet de 2 kg.",
    "Unité de commande": "sachet",
    "Prix": "40,23 EUR",
    "Prix à l'unité de mesure": "20,11 EUR / kg",
    "Prix à la portion": "",
    "DLC garantie au client": "7 jour(s)"
  },
  {
    "Rayon": "Viandes Volailles Gibier",
    "Libellé produit": "Carré de porc 10 côtes. dévertébrées",
    "Marque": "BEAUVALLET RESTAURATION",
    "Code Produit": 480772,
    "Température": "Frais",
    "Conditionnement": "Par pièce de 3 kg.",
    "Unité de commande": "pièce",
    "Prix": "31,41 EUR",
    "Prix à l'unité de mesure": "10,47 EUR / kg",
    "Prix à la portion": "",
    "DLC garantie au client": "7 jour(s)"
  },
  {
    "Rayon": "Viandes Volailles Gibier",
    "Libellé produit": "Rôti d'échine de porc",
    "Marque": "BEAUVALLET RESTAURATION",
    "Code Produit": 480814,
    "Température": "Frais",
    "Conditionnement": "Par pièce de 2 kg.",
    "Unité de commande": "pièce",
    "Prix": "18,75 EUR",
    "Prix à l'unité de mesure": "9,37 EUR / kg",
    "Prix à la portion": "",
    "DLC garantie au client": "7 jour(s)"
  },
  {
    "Rayon": "Viandes Volailles Gibier",
    "Libellé produit": "Sauté d'épaule de porc",
    "Marque": "PRIMBEEF",
    "Code Produit": 480848,
    "Température": "Frais",
    "Conditionnement": "Par sachet de 2 kg.",
    "Unité de commande": "sachet",
    "Prix": "16,22 EUR",
    "Prix à l'unité de mesure": "8,11 EUR / kg",
    "Prix à la portion": "",
    "DLC garantie au client": "7 jour(s)"
  },
  {
    "Rayon": "Viandes Volailles Gibier",
    "Libellé produit": "Emincé de porc",
    "Marque": "PRIMBEEF",
    "Code Produit": 480913,
    "Température": "Frais",
    "Conditionnement": "Par sachet de 2 kg.",
    "Unité de commande": "sachet",
    "Prix": "19,96 EUR",
    "Prix à l'unité de mesure": "9,98 EUR / kg",
    "Prix à la portion": "",
    "DLC garantie au client": "7 jour(s)"
  },
  {
    "Rayon": "Boissons",
    "Libellé produit": "Eau minérale evian. pet",
    "Marque": "EVIAN",
    "Code Produit": 484410,
    "Température": "Ambiant",
    "Conditionnement": "Bouteille de 1.5 litre. Colis de 6 bouteilles.",
    "Unité de commande": "colis",
    "Prix": "7,63 EUR",
    "Prix à l'unité de mesure": "0,85 EUR / L",
    "Prix à la portion": "1,27 EUR / bouteille",
    "DLC garantie au client": "30 jour(s)"
  },
  {
    "Rayon": "Charcuterie Traiteur",
    "Libellé produit": "Mortadelle pur porc trancheé. tranche de 10 g",
    "Marque": "LES TREFINES",
    "Code Produit": 484519,
    "Température": "Frais",
    "Conditionnement": "Portion de 10 g. Barquette de 50 portions.",
    "Unité de commande": "barquette",
    "Prix": "4,31 EUR",
    "Prix à l'unité de mesure": "8,62 EUR / kg",
    "Prix à la portion": "0,09 EUR / Portion",
    "DLC garantie au client": "7 jour(s)"
  },
  {
    "Rayon": "Crèmerie Œufs Fromages",
    "Libellé produit": "Lait entier. coupelle de 9.7 ml",
    "Marque": "LACTEL",
    "Code Produit": 485409,
    "Température": "Frais",
    "Conditionnement": "Portion de 10 g. Colis de 240 portions.",
    "Unité de commande": "colis",
    "Prix": "9,12 EUR",
    "Prix à l'unité de mesure": "3,80 EUR / kg",
    "Prix à la portion": "0,04 EUR / Portion",
    "DLC garantie au client": "7 jour(s)"
  },
  {
    "Rayon": "Boissons",
    "Libellé produit": "Perrier",
    "Marque": "PERRIER",
    "Code Produit": 487652,
    "Température": "Ambiant",
    "Conditionnement": "Bouteille de 1 litre. Colis de 12 bouteilles.",
    "Unité de commande": "colis",
    "Prix": "16,80 EUR",
    "Prix à l'unité de mesure": "1,40 EUR / L",
    "Prix à la portion": "1,40 EUR / bouteille",
    "DLC garantie au client": "30 jour(s)"
  },
  {
    "Rayon": "Boissons",
    "Libellé produit": "Limonade blanche Steff",
    "Marque": "STEFF",
    "Code Produit": 488270,
    "Température": "Ambiant",
    "Conditionnement": "Bouteille de 1.5 litre. Colis de 6 bouteilles.",
    "Unité de commande": "colis",
    "Prix": "2,84 EUR",
    "Prix à l'unité de mesure": "0,32 EUR / L",
    "Prix à la portion": "0,47 EUR / bouteille",
    "DLC garantie au client": "30 jour(s)"
  },
  {
    "Rayon": "Viandes Volailles Gibier",
    "Libellé produit": "Steak hachéVBF. sélection du boucher 15%mg. forme ronde",
    "Marque": "CHARAL",
    "Code Produit": 488429,
    "Température": "Surgele",
    "Conditionnement": "Portion de 150 g. Colis de 40 portions.",
    "Unité de commande": "colis",
    "Prix": "83,13 EUR",
    "Prix à l'unité de mesure": "13,86 EUR / kg",
    "Prix à la portion": "2,08 EUR / Portion",
    "DLC garantie au client": "30 jour(s)"
  },
  {
    "Rayon": "Charcuterie Traiteur",
    "Libellé produit": "Truite fumée. décongelée",
    "Marque": "MOULIN DU CAOULEY",
    "Code Produit": 492041,
    "Température": "Frais",
    "Conditionnement": "Plaque de 400 g. Colis de 6 plaques.",
    "Unité de commande": "colis",
    "Prix": "72,08 EUR",
    "Prix à l'unité de mesure": "30,03 EUR / kg",
    "Prix à la portion": "12,01 EUR / plaque",
    "DLC garantie au client": "7 jour(s)"
  },
  {
    "Rayon": "Crèmerie Œufs Fromages",
    "Libellé produit": "Beurre micro pain demi sel",
    "Marque": "PAYSAN BRETON",
    "Code Produit": 494294,
    "Température": "Frais",
    "Conditionnement": "Portion de 10 g. Boite de 100 portions.",
    "Unité de commande": "boite",
    "Prix": "10,74 EUR",
    "Prix à l'unité de mesure": "10,74 EUR / kg",
    "Prix à la portion": "0,11 EUR / Portion",
    "DLC garantie au client": "7 jour(s)"
  },
  {
    "Rayon": "Crèmerie Œufs Fromages",
    "Libellé produit": "Beurre micropain doux",
    "Marque": "PAYSAN BRETON",
    "Code Produit": 494302,
    "Température": "Frais",
    "Conditionnement": "Portion de 10 g. Boite de 100 portions.",
    "Unité de commande": "boite",
    "Prix": "10,74 EUR",
    "Prix à l'unité de mesure": "10,74 EUR / kg",
    "Prix à la portion": "0,11 EUR / Portion",
    "DLC garantie au client": "7 jour(s)"
  },
  {
    "Rayon": "Crèmerie Œufs Fromages",
    "Libellé produit": "Lait demi écrémé uht",
    "Marque": "LAIT D'ICI",
    "Code Produit": 495176,
    "Température": "Frais",
    "Conditionnement": "Brick de 1 litre. Colis de 6 bricks.",
    "Unité de commande": "colis",
    "Prix": "5,70 EUR",
    "Prix à l'unité de mesure": "0,95 EUR / L",
    "Prix à la portion": "0,95 EUR / brick",
    "DLC garantie au client": "7 jour(s)"
  },
  {
    "Rayon": "Desserts Glaces",
    "Libellé produit": "Cake chocolat sans gluten bio",
    "Marque": "KOMANDSAL",
    "Code Produit": 495566,
    "Température": "Surgele",
    "Conditionnement": "Portion de 40 g. Colis de 30 portions.",
    "Unité de commande": "colis",
    "Prix": "43,99 EUR",
    "Prix à l'unité de mesure": "36,66 EUR / kg",
    "Prix à la portion": "1,47 EUR / Portion",
    "DLC garantie au client": "30 jour(s)"
  },
  {
    "Rayon": "Équipement Hygiène",
    "Libellé produit": "Mouchoir blanc 2 plis. tork. boite de 100",
    "Marque": "TORK",
    "Code Produit": 501834,
    "Température": "Ambiant",
    "Conditionnement": "Colis de 30 boites.",
    "Unité de commande": "colis",
    "Prix": "36,30 EUR",
    "Prix à l'unité de mesure": "",
    "Prix à la portion": "1,21 EUR / boite",
    "DLC garantie au client": ""
  },
  {
    "Rayon": "Pâtisserie Biscuiterie Confiserie",
    "Libellé produit": "Mon cake marbrée. cacao",
    "Marque": "KER CADELAC",
    "Code Produit": 502379,
    "Température": "Ambiant",
    "Conditionnement": "Pièce de 500 g. Colis de 12 pièces.",
    "Unité de commande": "colis",
    "Prix": "37,30 EUR",
    "Prix à l'unité de mesure": "6,22 EUR / kg",
    "Prix à la portion": "3,11 EUR / pièce",
    "DLC garantie au client": "7 jour(s)"
  },
  {
    "Rayon": "Épicerie",
    "Libellé produit": "Thé english breakfast bio",
    "Marque": "PUKKA",
    "Code Produit": 507683,
    "Température": "Ambiant",
    "Conditionnement": "Boite de 50 g. Colis de 4 boites. Boite de 20 portions.",
    "Unité de commande": "colis",
    "Prix": "19,82 EUR",
    "Prix à l'unité de mesure": "99,10 EUR / kg",
    "Prix à la portion": "4,96 EUR / boite",
    "DLC garantie au client": "30 jour(s)"
  },
  {
    "Rayon": "Poissons Coquillages Crustacés",
    "Libellé produit": "Filet de saumon avec peau sans. aretes. sous-vide",
    "Marque": "",
    "Code Produit": 509688,
    "Température": "Ex.null",
    "Conditionnement": "Pièce de 1.667 kg. Colis de 8 pièces.",
    "Unité de commande": "colis",
    "Prix": "236,33 EUR",
    "Prix à l'unité de mesure": "17,72 EUR / kg",
    "Prix à la portion": "29,54 EUR / pièce",
    "DLC garantie au client": "3 jour(s)"
  },
  {
    "Rayon": "Équipement Hygiène",
    "Libellé produit": "Sel adoucisseur eau. sac de 25 kg",
    "Marque": "AXAL PRO",
    "Code Produit": 526624,
    "Température": "Ambiant",
    "Conditionnement": "Par sac de 25 kg.",
    "Unité de commande": "sac",
    "Prix": "9,22 EUR",
    "Prix à l'unité de mesure": "0,37 EUR / kg",
    "Prix à la portion": "",
    "DLC garantie au client": ""
  },
  {
    "Rayon": "Épicerie",
    "Libellé produit": "Chocos pétales de blé au. chocolat",
    "Marque": "KELLOGG'S",
    "Code Produit": 531155,
    "Température": "Ambiant",
    "Conditionnement": "Par boite de 580 g. Colis de 16 boites.",
    "Unité de commande": "boite",
    "Prix": "6,26 EUR",
    "Prix à l'unité de mesure": "10,79 EUR / kg",
    "Prix à la portion": "100,11 EUR / colis",
    "DLC garantie au client": "30 jour(s)"
  },
  {
    "Rayon": "Épicerie",
    "Libellé produit": "Gressinis pois chiche thym. sans gluten bio",
    "Marque": "KOMANDSAL",
    "Code Produit": 531465,
    "Température": "Ambiant",
    "Conditionnement": "Par sac de 1 kg. Colis de 3 sacs.",
    "Unité de commande": "sac",
    "Prix": "23,84 EUR",
    "Prix à l'unité de mesure": "23,84 EUR / kg",
    "Prix à la portion": "71,52 EUR / colis",
    "DLC garantie au client": "30 jour(s)"
  },
  {
    "Rayon": "Viandes Volailles Gibier",
    "Libellé produit": "Nuggets de poulet pané 30%. halal",
    "Marque": "",
    "Code Produit": 539547,
    "Température": "Surgele",
    "Conditionnement": "Par sachet de 1 kg. Colis de 5 sachets.",
    "Unité de commande": "sachet",
    "Prix": "5,06 EUR",
    "Prix à l'unité de mesure": "5,06 EUR / kg",
    "Prix à la portion": "25,30 EUR / colis",
    "DLC garantie au client": "30 jour(s)"
  },
  {
    "Rayon": "Équipement Hygiène",
    "Libellé produit": "Papier toilette blanc. 2 plis. paquet de 252 formats",
    "Marque": "TORK",
    "Code Produit": 552349,
    "Température": "Ambiant",
    "Conditionnement": "Colis de 30 portions.",
    "Unité de commande": "colis",
    "Prix": "24,18 EUR",
    "Prix à l'unité de mesure": "",
    "Prix à la portion": "0,81 EUR / Portion",
    "DLC garantie au client": ""
  },
  {
    "Rayon": "Fruits et Légumes",
    "Libellé produit": "Poivron rouge GG \"pp\". catégorie 1",
    "Marque": "STKFL",
    "Code Produit": 559685,
    "Température": "Frais",
    "Conditionnement": "Par colis de 5 kg.",
    "Unité de commande": "colis",
    "Prix": "8,73 EUR",
    "Prix à l'unité de mesure": "1,75 EUR / kg",
    "Prix à la portion": "",
    "DLC garantie au client": ""
  },
  {
    "Rayon": "Équipement Hygiène",
    "Libellé produit": "Desodorisant citron. aerosol de 750 ml. -",
    "Marque": "PUCK",
    "Code Produit": 583393,
    "Température": "Ambiant",
    "Conditionnement": "Par bombe de 750 ml. Colis de 12 bombes.",
    "Unité de commande": "bombe",
    "Prix": "3,75 EUR",
    "Prix à l'unité de mesure": "5,01 EUR / L",
    "Prix à la portion": "45,05 EUR / colis",
    "DLC garantie au client": ""
  },
  {
    "Rayon": "Viandes Volailles Gibier",
    "Libellé produit": "Confit de canard 12 cuisses",
    "Marque": "SARRADE",
    "Code Produit": 593213,
    "Température": "Ambiant",
    "Conditionnement": "Par boite de 3.825 kg. Colis de 3 boites.",
    "Unité de commande": "boite",
    "Prix": "48,23 EUR",
    "Prix à l'unité de mesure": "12,61 EUR / kg",
    "Prix à la portion": "144,68 EUR / colis",
    "DLC garantie au client": "30 jour(s)"
  },
  {
    "Rayon": "Desserts Glaces",
    "Libellé produit": "Compotée de pêches",
    "Marque": "BONNE MAMAN",
    "Code Produit": 610610,
    "Température": "Ambiant",
    "Conditionnement": "Pot de 590 g. Colis de 6 pots.",
    "Unité de commande": "colis",
    "Prix": "31,62 EUR",
    "Prix à l'unité de mesure": "8,93 EUR / kg",
    "Prix à la portion": "5,27 EUR / pot",
    "DLC garantie au client": "30 jour(s)"
  },
  {
    "Rayon": "Fruits et Légumes",
    "Libellé produit": "Pdt challenger lavée 50+. catgéorie 1. France",
    "Marque": "STKFL",
    "Code Produit": 613162,
    "Température": "Frais",
    "Conditionnement": "Par filet de 10 kg.",
    "Unité de commande": "filet",
    "Prix": "6,80 EUR",
    "Prix à l'unité de mesure": "0,68 EUR / kg",
    "Prix à la portion": "",
    "DLC garantie au client": ""
  },
  {
    "Rayon": "Poissons Coquillages Crustacés",
    "Libellé produit": "Filet d'espadon",
    "Marque": "",
    "Code Produit": 613969,
    "Température": "Frais",
    "Conditionnement": "Par colis de 3 kg.",
    "Unité de commande": "colis",
    "Prix": "65,33 EUR",
    "Prix à l'unité de mesure": "21,78 EUR / kg",
    "Prix à la portion": "",
    "DLC garantie au client": "4 jour(s)"
  },
  {
    "Rayon": "Poissons Coquillages Crustacés",
    "Libellé produit": "Filet rascasse du nord. sans peau",
    "Marque": "",
    "Code Produit": 613972,
    "Température": "Frais",
    "Conditionnement": "Par colis de 3 kg.",
    "Unité de commande": "colis",
    "Prix": "44,67 EUR",
    "Prix à l'unité de mesure": "14,89 EUR / kg",
    "Prix à la portion": "",
    "DLC garantie au client": "4 jour(s)"
  },
  {
    "Rayon": "Poissons Coquillages Crustacés",
    "Libellé produit": "Salicorne",
    "Marque": "",
    "Code Produit": 613978,
    "Température": "Frais",
    "Conditionnement": "Par colis de 1 kg.",
    "Unité de commande": "colis",
    "Prix": "14,47 EUR",
    "Prix à l'unité de mesure": "14,47 EUR / kg",
    "Prix à la portion": "",
    "DLC garantie au client": "5 jour(s)"
  },
  {
    "Rayon": "Viandes Volailles Gibier",
    "Libellé produit": "Filet de poulet pané cuit. piéce de 110 g",
    "Marque": "MAITRE COQ PRO",
    "Code Produit": 616650,
    "Température": "Surgele",
    "Conditionnement": "Portion de 2.5 kg. Colis de 2 portions.",
    "Unité de commande": "colis",
    "Prix": "55,18 EUR",
    "Prix à l'unité de mesure": "11,04 EUR / kg",
    "Prix à la portion": "27,59 EUR / Portion",
    "DLC garantie au client": "30 jour(s)"
  },
  {
    "Rayon": "Crèmerie Œufs Fromages",
    "Libellé produit": "oeuf entier liquide",
    "Marque": "OVOTEAM",
    "Code Produit": 618694,
    "Température": "Frais",
    "Conditionnement": "Par bidon de 2 kg. Colis de 6 bidons.",
    "Unité de commande": "bidon",
    "Prix": "10,36 EUR",
    "Prix à l'unité de mesure": "5,18 EUR / kg",
    "Prix à la portion": "62,18 EUR / colis",
    "DLC garantie au client": "7 jour(s)"
  },
  {
    "Rayon": "Poissons Coquillages Crustacés",
    "Libellé produit": "Longe de thon albacore. décongelé msc",
    "Marque": "",
    "Code Produit": 618770,
    "Température": "Frais",
    "Conditionnement": "Par pièce de 2.75 kg.",
    "Unité de commande": "pièce",
    "Prix": "81,60 EUR",
    "Prix à l'unité de mesure": "29,67 EUR / kg",
    "Prix à la portion": "",
    "DLC garantie au client": "3 jour(s)"
  },
  {
    "Rayon": "Crèmerie Œufs Fromages",
    "Libellé produit": "Roquefort mini dés 31 % m.g.. aop",
    "Marque": "SOCIETE PROFESSIONNEL",
    "Code Produit": 619510,
    "Température": "Frais",
    "Conditionnement": "Par barquette de 500 g. Colis de 8 barquettes.",
    "Unité de commande": "barquette",
    "Prix": "11,54 EUR",
    "Prix à l'unité de mesure": "23,07 EUR / kg",
    "Prix à la portion": "92,29 EUR / colis",
    "DLC garantie au client": "7 jour(s)"
  },
  {
    "Rayon": "Charcuterie Traiteur",
    "Libellé produit": "Confit canard purée pomme de. terre et persillade champignon",
    "Marque": "LA CANTINE DES CHEFS",
    "Code Produit": 623325,
    "Température": "Frais",
    "Conditionnement": "Bocal de 330 g. Colis de 7 bocaux.",
    "Unité de commande": "colis",
    "Prix": "48,17 EUR",
    "Prix à l'unité de mesure": "20,85 EUR / kg",
    "Prix à la portion": "6,88 EUR / bocal",
    "DLC garantie au client": "7 jour(s)"
  },
  {
    "Rayon": "Charcuterie Traiteur",
    "Libellé produit": "Boulgour végétarien houmous. lentille corail petit légume. croquant",
    "Marque": "LA CANTINE DES CHEFS",
    "Code Produit": 623326,
    "Température": "Frais",
    "Conditionnement": "Bocal de 330 g. Colis de 7 bocaux.",
    "Unité de commande": "colis",
    "Prix": "48,17 EUR",
    "Prix à l'unité de mesure": "20,85 EUR / kg",
    "Prix à la portion": "6,88 EUR / bocal",
    "DLC garantie au client": "15 jour(s)"
  },
  {
    "Rayon": "Charcuterie Traiteur",
    "Libellé produit": "Joue de boeuf confite moutarde. purée pomme de terre",
    "Marque": "LA CANTINE DES CHEFS",
    "Code Produit": 623329,
    "Température": "Frais",
    "Conditionnement": "Bocal de 330 g. Colis de 7 bocaux.",
    "Unité de commande": "colis",
    "Prix": "48,17 EUR",
    "Prix à l'unité de mesure": "20,85 EUR / kg",
    "Prix à la portion": "6,88 EUR / bocal",
    "DLC garantie au client": "15 jour(s)"
  },
  {
    "Rayon": "Charcuterie Traiteur",
    "Libellé produit": "Pate légume et pesto basilic",
    "Marque": "LA CANTINE DES CHEFS",
    "Code Produit": 623330,
    "Température": "Frais",
    "Conditionnement": "Bocal de 330 g. Colis de 7 bocaux.",
    "Unité de commande": "colis",
    "Prix": "48,17 EUR",
    "Prix à l'unité de mesure": "20,85 EUR / kg",
    "Prix à la portion": "6,88 EUR / bocal",
    "DLC garantie au client": "7 jour(s)"
  },
  {
    "Rayon": "Viandes Volailles Gibier",
    "Libellé produit": "Jarret arrière d'agneau",
    "Marque": "",
    "Code Produit": 623679,
    "Température": "Surgele",
    "Conditionnement": "Par colis de 8 kg.",
    "Unité de commande": "colis",
    "Prix": "119,14 EUR",
    "Prix à l'unité de mesure": "14,89 EUR / kg",
    "Prix à la portion": "",
    "DLC garantie au client": "30 jour(s)"
  },
  {
    "Rayon": "Desserts Glaces",
    "Libellé produit": "Compotée pomme banane coco et. sirop d'érable",
    "Marque": "LA CANTINE DES CHEFS",
    "Code Produit": 624030,
    "Température": "Frais",
    "Conditionnement": "Bocal de 140 g. Colis de 11 bocaux.",
    "Unité de commande": "colis",
    "Prix": "37,84 EUR",
    "Prix à l'unité de mesure": "24,57 EUR / kg",
    "Prix à la portion": "3,44 EUR / bocal",
    "DLC garantie au client": "15 jour(s)"
  },
  {
    "Rayon": "Desserts Glaces",
    "Libellé produit": "Crème onctueuse aux oeufs. vanillée",
    "Marque": "LA CANTINE DES CHEFS",
    "Code Produit": 624031,
    "Température": "Frais",
    "Conditionnement": "Bocal de 140 g. Colis de 11 bocaux.",
    "Unité de commande": "colis",
    "Prix": "37,84 EUR",
    "Prix à l'unité de mesure": "24,57 EUR / kg",
    "Prix à la portion": "3,44 EUR / bocal",
    "DLC garantie au client": "15 jour(s)"
  },
  {
    "Rayon": "Charcuterie Traiteur",
    "Libellé produit": "Filet d'eglefin mariné,. risotto au parmesan et crème. de poivron anisé",
    "Marque": "LA CANTINE DES CHEFS",
    "Code Produit": 624033,
    "Température": "Frais",
    "Conditionnement": "Bocal de 330 g. Colis de 7 bocaux.",
    "Unité de commande": "colis",
    "Prix": "48,17 EUR",
    "Prix à l'unité de mesure": "20,85 EUR / kg",
    "Prix à la portion": "6,88 EUR / bocal",
    "DLC garantie au client": "15 jour(s)"
  },
  {
    "Rayon": "Charcuterie Traiteur",
    "Libellé produit": "Macaroni bolo et concassé de. tomate",
    "Marque": "LA CANTINE DES CHEFS",
    "Code Produit": 624040,
    "Température": "Frais",
    "Conditionnement": "Bocal de 330 g. Colis de 7 bocaux.",
    "Unité de commande": "colis",
    "Prix": "48,17 EUR",
    "Prix à l'unité de mesure": "20,85 EUR / kg",
    "Prix à la portion": "6,88 EUR / bocal",
    "DLC garantie au client": "15 jour(s)"
  },
  {
    "Rayon": "Desserts Glaces",
    "Libellé produit": "Moelleux chocolat et praliné",
    "Marque": "LA CANTINE DES CHEFS",
    "Code Produit": 624042,
    "Température": "Frais",
    "Conditionnement": "Bocal de 100 g. Colis de 11 bocaux.",
    "Unité de commande": "colis",
    "Prix": "36,92 EUR",
    "Prix à l'unité de mesure": "33,56 EUR / kg",
    "Prix à la portion": "3,36 EUR / bocal",
    "DLC garantie au client": "15 jour(s)"
  },
  {
    "Rayon": "Charcuterie Traiteur",
    "Libellé produit": "Pâtes à la crème de fromage,. lardons et champignons",
    "Marque": "LA CANTINE DES CHEFS",
    "Code Produit": 624043,
    "Température": "Frais",
    "Conditionnement": "Bocal de 330 g. Colis de 7 bocaux.",
    "Unité de commande": "colis",
    "Prix": "48,17 EUR",
    "Prix à l'unité de mesure": "20,85 EUR / kg",
    "Prix à la portion": "6,88 EUR / bocal",
    "DLC garantie au client": "15 jour(s)"
  },
  {
    "Rayon": "Charcuterie Traiteur",
    "Libellé produit": "Pulled pork gnocchis de pomme. de terre sauce bbq poivron",
    "Marque": "LA CANTINE DES CHEFS",
    "Code Produit": 624044,
    "Température": "Frais",
    "Conditionnement": "Bocal de 330 g. Colis de 7 bocaux.",
    "Unité de commande": "colis",
    "Prix": "48,17 EUR",
    "Prix à l'unité de mesure": "20,85 EUR / kg",
    "Prix à la portion": "6,88 EUR / bocal",
    "DLC garantie au client": "15 jour(s)"
  },
  {
    "Rayon": "Charcuterie Traiteur",
    "Libellé produit": "Saucisse aux lentilles",
    "Marque": "LA CANTINE DES CHEFS",
    "Code Produit": 624045,
    "Température": "Frais",
    "Conditionnement": "Bocal de 330 g. Colis de 7 bocaux.",
    "Unité de commande": "colis",
    "Prix": "48,17 EUR",
    "Prix à l'unité de mesure": "20,85 EUR / kg",
    "Prix à la portion": "6,88 EUR / bocal",
    "DLC garantie au client": "15 jour(s)"
  },
  {
    "Rayon": "Charcuterie Traiteur",
    "Libellé produit": "Filet de poulet mariné curry. risotto crémeux au parmesan. et champignons persillés",
    "Marque": "LA CANTINE DES CHEFS",
    "Code Produit": 624048,
    "Température": "Frais",
    "Conditionnement": "Bocal de 330 g. Colis de 7 bocaux.",
    "Unité de commande": "colis",
    "Prix": "48,17 EUR",
    "Prix à l'unité de mesure": "20,85 EUR / kg",
    "Prix à la portion": "6,88 EUR / bocal",
    "DLC garantie au client": "15 jour(s)"
  },
  {
    "Rayon": "Fruits et Légumes",
    "Libellé produit": "Poireau. catégorie 2. France",
    "Marque": "STKFL",
    "Code Produit": 624311,
    "Température": "Frais",
    "Conditionnement": "Par colis de 5 kg.",
    "Unité de commande": "colis",
    "Prix": "14,96 EUR",
    "Prix à l'unité de mesure": "2,99 EUR / kg",
    "Prix à la portion": "",
    "DLC garantie au client": ""
  },
  {
    "Rayon": "Charcuterie Traiteur",
    "Libellé produit": "Carpaccio tranché iqf",
    "Marque": "AMURAL",
    "Code Produit": 624841,
    "Température": "Surgele",
    "Conditionnement": "Portion de 80 g. Colis de 30 portions.",
    "Unité de commande": "colis",
    "Prix": "54,66 EUR",
    "Prix à l'unité de mesure": "22,77 EUR / kg",
    "Prix à la portion": "1,82 EUR / Portion",
    "DLC garantie au client": "30 jour(s)"
  },
  {
    "Rayon": "Viandes Volailles Gibier",
    "Libellé produit": "Rôti de veau épaule bas. carré self avec barde frais ou. décongelé",
    "Marque": "PRIMBEEF",
    "Code Produit": 625194,
    "Température": "Frais",
    "Conditionnement": "Par pièce de 2 kg.",
    "Unité de commande": "pièce",
    "Prix": "31,59 EUR",
    "Prix à l'unité de mesure": "15,80 EUR / kg",
    "Prix à la portion": "",
    "DLC garantie au client": "7 jour(s)"
  },
  {
    "Rayon": "Viandes Volailles Gibier",
    "Libellé produit": "Epaule de veau,. désossé, s/vide",
    "Marque": "BEAUVALLET NEGOCE",
    "Code Produit": 628578,
    "Température": "Frais",
    "Conditionnement": "Par pièce de 8 kg.",
    "Unité de commande": "pièce",
    "Prix": "121,54 EUR",
    "Prix à l'unité de mesure": "15,19 EUR / kg",
    "Prix à la portion": "",
    "DLC garantie au client": "7 jour(s)"
  },
  {
    "Rayon": "Crèmerie Œufs Fromages",
    "Libellé produit": "Gorgonzola 1/8 de meule aop. 48 % m.g.",
    "Marque": "BARUFFALDI",
    "Code Produit": 629949,
    "Température": "Frais",
    "Conditionnement": "Par pièce de 1.5 kg. Colis de 4 pièces.",
    "Unité de commande": "pièce",
    "Prix": "15,95 EUR",
    "Prix à l'unité de mesure": "10,64 EUR / kg",
    "Prix à la portion": "63,82 EUR / colis",
    "DLC garantie au client": "7 jour(s)"
  },
  {
    "Rayon": "Épicerie",
    "Libellé produit": "Amande poudre. blanche ibérique",
    "Marque": "BORGES",
    "Code Produit": 630002,
    "Température": "Ambiant",
    "Conditionnement": "Par sachet de 1 kg. Colis de 10 sachets.",
    "Unité de commande": "sachet",
    "Prix": "8,70 EUR",
    "Prix à l'unité de mesure": "8,70 EUR / kg",
    "Prix à la portion": "86,96 EUR / colis",
    "DLC garantie au client": "30 jour(s)"
  },
  {
    "Rayon": "Pains Viennoiserie Pâtes",
    "Libellé produit": "Pain de mie nature. dimension 10x10cm-24 tranches. longue conservation",
    "Marque": "HARRYS FOOD SERVICE",
    "Code Produit": 631291,
    "Température": "Ambiant",
    "Conditionnement": "Par paquet de 500 g. Colis de 8 paquets.",
    "Unité de commande": "paquet",
    "Prix": "1,92 EUR",
    "Prix à l'unité de mesure": "3,84 EUR / kg",
    "Prix à la portion": "15,35 EUR / colis",
    "DLC garantie au client": "7 jour(s)"
  },
  {
    "Rayon": "Épicerie",
    "Libellé produit": "Infusion tilleul boîte 25. sachets fraicheur",
    "Marque": "LIPTON",
    "Code Produit": 635631,
    "Température": "Ambiant",
    "Conditionnement": "Portion de 1.6 g. Boite de 25 portions.",
    "Unité de commande": "boite",
    "Prix": "4,03 EUR",
    "Prix à l'unité de mesure": "100,73 EUR / kg",
    "Prix à la portion": "0,16 EUR / Portion",
    "DLC garantie au client": "30 jour(s)"
  },
  {
    "Rayon": "Épicerie",
    "Libellé produit": "Thé Yellow Label 25 sachets. fraicheur",
    "Marque": "LIPTON",
    "Code Produit": 635946,
    "Température": "Ambiant",
    "Conditionnement": "Portion de 1.8 g. Boite de 25 portions.",
    "Unité de commande": "boite",
    "Prix": "2,85 EUR",
    "Prix à l'unité de mesure": "63,42 EUR / kg",
    "Prix à la portion": "0,11 EUR / Portion",
    "DLC garantie au client": "30 jour(s)"
  },
  {
    "Rayon": "Crèmerie Œufs Fromages",
    "Libellé produit": "Parmigiano reggiano aop rubans. 32 % m.g.",
    "Marque": "AMBROSI",
    "Code Produit": 638890,
    "Température": "Frais",
    "Conditionnement": "Par sachet de 500 g. Colis de 6 sachets.",
    "Unité de commande": "sachet",
    "Prix": "11,07 EUR",
    "Prix à l'unité de mesure": "22,14 EUR / kg",
    "Prix à la portion": "66,43 EUR / colis",
    "DLC garantie au client": "7 jour(s)"
  },
  {
    "Rayon": "Charcuterie Traiteur",
    "Libellé produit": "Jambon de dinde tranché. halal",
    "Marque": "BERNI",
    "Code Produit": 639658,
    "Température": "Frais",
    "Conditionnement": "Portion de 25 g. Barquette de 20 portions.",
    "Unité de commande": "barquette",
    "Prix": "5,45 EUR",
    "Prix à l'unité de mesure": "10,89 EUR / kg",
    "Prix à la portion": "0,27 EUR / Portion",
    "DLC garantie au client": "7 jour(s)"
  },
  {
    "Rayon": "Crèmerie Œufs Fromages",
    "Libellé produit": "Préparation panna cotta",
    "Marque": "GALBANI PRO",
    "Code Produit": 640268,
    "Température": "Frais",
    "Conditionnement": "Par brick de 1 litre. Colis de 6 bricks.",
    "Unité de commande": "brick",
    "Prix": "5,91 EUR",
    "Prix à l'unité de mesure": "5,91 EUR / L",
    "Prix à la portion": "35,44 EUR / colis",
    "DLC garantie au client": "7 jour(s)"
  },
  {
    "Rayon": "Épicerie",
    "Libellé produit": "Thé noir English Breakfast. Feel Good selection",
    "Marque": "LIPTON",
    "Code Produit": 640839,
    "Température": "Ambiant",
    "Conditionnement": "Portion de 2 g. Boite de 25 portions.",
    "Unité de commande": "boite",
    "Prix": "3,08 EUR",
    "Prix à l'unité de mesure": "61,54 EUR / kg",
    "Prix à la portion": "0,12 EUR / Portion",
    "DLC garantie au client": "30 jour(s)"
  },
  {
    "Rayon": "Épicerie",
    "Libellé produit": "Thé fruits rouges",
    "Marque": "LIPTON",
    "Code Produit": 640847,
    "Température": "Ambiant",
    "Conditionnement": "Portion de 1.6 g. Boite de 25 portions.",
    "Unité de commande": "boite",
    "Prix": "3,37 EUR",
    "Prix à l'unité de mesure": "84,15 EUR / kg",
    "Prix à la portion": "0,13 EUR / Portion",
    "DLC garantie au client": "30 jour(s)"
  },
  {
    "Rayon": "Épicerie",
    "Libellé produit": "Thé vert menthe 25 sachets. fraicheur",
    "Marque": "LIPTON",
    "Code Produit": 641100,
    "Température": "Ambiant",
    "Conditionnement": "Portion de 1.6 g. Boite de 25 portions.",
    "Unité de commande": "boite",
    "Prix": "3,37 EUR",
    "Prix à l'unité de mesure": "84,15 EUR / kg",
    "Prix à la portion": "0,13 EUR / Portion",
    "DLC garantie au client": "30 jour(s)"
  },
  {
    "Rayon": "Épicerie",
    "Libellé produit": "Thé noir Earl Grey",
    "Marque": "LIPTON",
    "Code Produit": 641118,
    "Température": "Ambiant",
    "Conditionnement": "Portion de 2 g. Boite de 25 portions.",
    "Unité de commande": "boite",
    "Prix": "3,37 EUR",
    "Prix à l'unité de mesure": "67,32 EUR / kg",
    "Prix à la portion": "0,13 EUR / Portion",
    "DLC garantie au client": "30 jour(s)"
  },
  {
    "Rayon": "Épicerie",
    "Libellé produit": "Thé noir citron 25 sachets. fraicheur",
    "Marque": "LIPTON",
    "Code Produit": 641126,
    "Température": "Ambiant",
    "Conditionnement": "Portion de 1.6 g. Boite de 25 portions.",
    "Unité de commande": "boite",
    "Prix": "3,37 EUR",
    "Prix à l'unité de mesure": "84,15 EUR / kg",
    "Prix à la portion": "0,13 EUR / Portion",
    "DLC garantie au client": "30 jour(s)"
  },
  {
    "Rayon": "Épicerie",
    "Libellé produit": "Belin Assortiment tradition. apéritif salé",
    "Marque": "BELIN",
    "Code Produit": 641357,
    "Température": "Ambiant",
    "Conditionnement": "Par boite de 720 g. Colis de 4 boites.",
    "Unité de commande": "boite",
    "Prix": "15,25 EUR",
    "Prix à l'unité de mesure": "21,18 EUR / kg",
    "Prix à la portion": "60,99 EUR / colis",
    "DLC garantie au client": "30 jour(s)"
  },
  {
    "Rayon": "Charcuterie Traiteur",
    "Libellé produit": "Jambon de Paris dd. plateau décalé",
    "Marque": "MADRANGE",
    "Code Produit": 642058,
    "Température": "Frais",
    "Conditionnement": "Portion de 40 g. Barquette de 20 portions.",
    "Unité de commande": "barquette",
    "Prix": "10,85 EUR",
    "Prix à l'unité de mesure": "13,56 EUR / kg",
    "Prix à la portion": "0,54 EUR / Portion",
    "DLC garantie au client": "7 jour(s)"
  },
  {
    "Rayon": "Équipement Hygiène",
    "Libellé produit": "NEW YORK GOBELET FB 25CL",
    "Marque": "IN SITU",
    "Code Produit": 643712,
    "Température": "Ambiant",
    "Conditionnement": "Colis de 24 pièces.",
    "Unité de commande": "colis",
    "Prix": "55,13 EUR",
    "Prix à l'unité de mesure": "",
    "Prix à la portion": "2,30 EUR / pièce",
    "DLC garantie au client": ""
  },
  {
    "Rayon": "Pains Viennoiserie Pâtes",
    "Libellé produit": "Mini pain au chocolat beurre. aop Charentes-Poitou prõt Á. cuire recette Lenôtre",
    "Marque": "LENOTRE",
    "Code Produit": 644484,
    "Température": "Surgele",
    "Conditionnement": "Portion de 35 g. Colis de 210 portions.",
    "Unité de commande": "colis",
    "Prix": "76,50 EUR",
    "Prix à l'unité de mesure": "10,41 EUR / kg",
    "Prix à la portion": "0,36 EUR / Portion",
    "DLC garantie au client": "30 jour(s)"
  },
  {
    "Rayon": "Pains Viennoiserie Pâtes",
    "Libellé produit": "Mini croissant au beurre aop. Charentes-Poitou prõt à cuire. recette Lenôtre",
    "Marque": "LENOTRE",
    "Code Produit": 644492,
    "Température": "Surgele",
    "Conditionnement": "Portion de 30 g. Colis de 195 portions.",
    "Unité de commande": "colis",
    "Prix": "63,46 EUR",
    "Prix à l'unité de mesure": "10,85 EUR / kg",
    "Prix à la portion": "0,33 EUR / Portion",
    "DLC garantie au client": "30 jour(s)"
  },
  {
    "Rayon": "Fruits et Légumes",
    "Libellé produit": "Navet 60/80. catégorie 2. France",
    "Marque": "STKFL",
    "Code Produit": 647447,
    "Température": "Frais",
    "Conditionnement": "Par colis de 5 kg.",
    "Unité de commande": "colis",
    "Prix": "7,34 EUR",
    "Prix à l'unité de mesure": "1,47 EUR / kg",
    "Prix à la portion": "",
    "DLC garantie au client": ""
  },
  {
    "Rayon": "Crèmerie Œufs Fromages",
    "Libellé produit": "Lait en poudre demi écrémé",
    "Marque": "NESTLE",
    "Code Produit": 648204,
    "Température": "Ambiant",
    "Conditionnement": "Par poche de 500 g. Colis de 10 poches.",
    "Unité de commande": "poche",
    "Prix": "6,51 EUR",
    "Prix à l'unité de mesure": "13,01 EUR / kg",
    "Prix à la portion": "65,06 EUR / colis",
    "DLC garantie au client": "30 jour(s)"
  },
  {
    "Rayon": "Épicerie",
    "Libellé produit": "Thé vert orient. Feel Good Selection",
    "Marque": "LIPTON",
    "Code Produit": 648246,
    "Température": "Ambiant",
    "Conditionnement": "Portion de 1.32 g. Boite de 25 portions.",
    "Unité de commande": "boite",
    "Prix": "3,37 EUR",
    "Prix à l'unité de mesure": "102,00 EUR / kg",
    "Prix à la portion": "0,13 EUR / Portion",
    "DLC garantie au client": "30 jour(s)"
  },
  {
    "Rayon": "Pains Viennoiserie Pâtes",
    "Libellé produit": "Pain de mie. 7 cereales - dimension 12x12cm. longue conservation",
    "Marque": "HARRYS FOOD SERVICE",
    "Code Produit": 648766,
    "Température": "Ambiant",
    "Conditionnement": "Par paquet de 550 g. Colis de 10 paquets.",
    "Unité de commande": "paquet",
    "Prix": "3,15 EUR",
    "Prix à l'unité de mesure": "5,72 EUR / kg",
    "Prix à la portion": "31,46 EUR / colis",
    "DLC garantie au client": "7 jour(s)"
  },
  {
    "Rayon": "Accompagnements Assaisonnement",
    "Libellé produit": "Oignon émincé",
    "Marque": "BONDUELLE FOOD SERVICE",
    "Code Produit": 648949,
    "Température": "Surgele",
    "Conditionnement": "Par sachet de 2.5 kg. Colis de 4 sachets.",
    "Unité de commande": "sachet",
    "Prix": "7,79 EUR",
    "Prix à l'unité de mesure": "3,12 EUR / kg",
    "Prix à la portion": "31,15 EUR / colis",
    "DLC garantie au client": "30 jour(s)"
  },
  {
    "Rayon": "Charcuterie Traiteur",
    "Libellé produit": "Salami Danois tranché",
    "Marque": "BERNI",
    "Code Produit": 651828,
    "Température": "Frais",
    "Conditionnement": "Portion de 10 g. Barquette de 50 portions.",
    "Unité de commande": "barquette",
    "Prix": "4,31 EUR",
    "Prix à l'unité de mesure": "8,62 EUR / kg",
    "Prix à la portion": "0,09 EUR / Portion",
    "DLC garantie au client": "7 jour(s)"
  },
  {
    "Rayon": "Crèmerie Œufs Fromages",
    "Libellé produit": "Tomme pasteurisé grise 25 %. m.g. au lait de montagne",
    "Marque": "LIVRADOIS",
    "Code Produit": 653196,
    "Température": "Frais",
    "Conditionnement": "Par pièce de 1.9 kg. Colis de 4 pièces.",
    "Unité de commande": "pièce",
    "Prix": "16,90 EUR",
    "Prix à l'unité de mesure": "8,89 EUR / kg",
    "Prix à la portion": "67,59 EUR / colis",
    "DLC garantie au client": "7 jour(s)"
  },
  {
    "Rayon": "Crèmerie Œufs Fromages",
    "Libellé produit": "oeufs pochés calibre 43/53",
    "Marque": "OVOTEAM",
    "Code Produit": 653576,
    "Température": "Frais",
    "Conditionnement": "Portion de 48.8 g. Seau de 75 portions.",
    "Unité de commande": "seau",
    "Prix": "44,36 EUR",
    "Prix à l'unité de mesure": "12,12 EUR / kg",
    "Prix à la portion": "0,59 EUR / Portion",
    "DLC garantie au client": "7 jour(s)"
  },
  {
    "Rayon": "Crèmerie Œufs Fromages",
    "Libellé produit": "Feta à la grecque au lait de. brebis 19 % m.g aop",
    "Marque": "HOTOS",
    "Code Produit": 653667,
    "Température": "Frais",
    "Conditionnement": "Par pain de 1 kg. Colis de 6 pains.",
    "Unité de commande": "pain",
    "Prix": "17,99 EUR",
    "Prix à l'unité de mesure": "17,99 EUR / kg",
    "Prix à la portion": "107,92 EUR / colis",
    "DLC garantie au client": "7 jour(s)"
  },
  {
    "Rayon": "Épicerie",
    "Libellé produit": "Café filtre dose collectivité. 50% arabica 50% robusta",
    "Marque": "MIKO",
    "Code Produit": 653972,
    "Température": "Ambiant",
    "Conditionnement": "Portion de 65 g. Colis de 48 portions.",
    "Unité de commande": "colis",
    "Prix": "51,00 EUR",
    "Prix à l'unité de mesure": "16,35 EUR / kg",
    "Prix à la portion": "1,06 EUR / Portion",
    "DLC garantie au client": "30 jour(s)"
  },
  {
    "Rayon": "Fruits et Légumes",
    "Libellé produit": "Feuille chêne verte. catégorie 1. France",
    "Marque": "STKFL",
    "Code Produit": 657495,
    "Température": "Frais",
    "Conditionnement": "Pièce de 300 g. Colis de 6 pièces.",
    "Unité de commande": "colis",
    "Prix": "6,80 EUR",
    "Prix à l'unité de mesure": "3,78 EUR / kg",
    "Prix à la portion": "1,13 EUR / pièce",
    "DLC garantie au client": ""
  },
  {
    "Rayon": "Viandes Volailles Gibier",
    "Libellé produit": "Paleron de veau",
    "Marque": "BEAUVALLET RESTAURATION",
    "Code Produit": 658583,
    "Température": "Frais",
    "Conditionnement": "Par poche de 1.1 kg.",
    "Unité de commande": "poche",
    "Prix": "21,67 EUR",
    "Prix à l'unité de mesure": "19,70 EUR / kg",
    "Prix à la portion": "",
    "DLC garantie au client": "7 jour(s)"
  },
  {
    "Rayon": "Viandes Volailles Gibier",
    "Libellé produit": "Tendron de veau V frais ou. décongelé",
    "Marque": "BEAUVALLET RESTAURATION",
    "Code Produit": 658609,
    "Température": "Frais",
    "Conditionnement": "Portion de 230 g. Colis de 5 portions.",
    "Unité de commande": "colis",
    "Prix": "20,46 EUR",
    "Prix à l'unité de mesure": "17,79 EUR / kg",
    "Prix à la portion": "4,09 EUR / Portion",
    "DLC garantie au client": "7 jour(s)"
  },
  {
    "Rayon": "Crèmerie Œufs Fromages",
    "Libellé produit": "Beurre doux lingot",
    "Marque": "FLECHARD",
    "Code Produit": 664987,
    "Température": "Frais",
    "Conditionnement": "Pain de 1 kg. Colis de 10 pains.",
    "Unité de commande": "colis",
    "Prix": "117,02 EUR",
    "Prix à l'unité de mesure": "11,70 EUR / kg",
    "Prix à la portion": "11,70 EUR / pain",
    "DLC garantie au client": "7 jour(s)"
  },
  {
    "Rayon": "Pains Viennoiserie Pâtes",
    "Libellé produit": "Pain multicéréales. précuit sur sole",
    "Marque": "BRIDOR",
    "Code Produit": 665372,
    "Température": "Surgele",
    "Conditionnement": "Portion de 45 g. Colis de 60 portions.",
    "Unité de commande": "colis",
    "Prix": "16,77 EUR",
    "Prix à l'unité de mesure": "6,21 EUR / kg",
    "Prix à la portion": "0,28 EUR / Portion",
    "DLC garantie au client": "30 jour(s)"
  },
  {
    "Rayon": "Pains Viennoiserie Pâtes",
    "Libellé produit": "Pain finedor précuit sur sole",
    "Marque": "LENOTRE",
    "Code Produit": 665380,
    "Température": "Surgele",
    "Conditionnement": "Portion de 45 g. Colis de 50 portions.",
    "Unité de commande": "colis",
    "Prix": "14,52 EUR",
    "Prix à l'unité de mesure": "6,46 EUR / kg",
    "Prix à la portion": "0,29 EUR / Portion",
    "DLC garantie au client": "30 jour(s)"
  },
  {
    "Rayon": "Pains Viennoiserie Pâtes",
    "Libellé produit": "Pain aux fruits. précuit sur sole",
    "Marque": "BRIDOR",
    "Code Produit": 665406,
    "Température": "Surgele",
    "Conditionnement": "Portion de 180 g. Colis de 20 portions.",
    "Unité de commande": "colis",
    "Prix": "33,34 EUR",
    "Prix à l'unité de mesure": "9,26 EUR / kg",
    "Prix à la portion": "1,67 EUR / Portion",
    "DLC garantie au client": "30 jour(s)"
  },
  {
    "Rayon": "Accompagnements Assaisonnement",
    "Libellé produit": "Crème de balsamique de Modène. igp",
    "Marque": "BORGES",
    "Code Produit": 668087,
    "Température": "Ambiant",
    "Conditionnement": "Par bouteille de 400 ml. Colis de 6 bouteilles.",
    "Unité de commande": "bouteille",
    "Prix": "6,09 EUR",
    "Prix à l'unité de mesure": "15,23 EUR / L",
    "Prix à la portion": "36,55 EUR / colis",
    "DLC garantie au client": "30 jour(s)"
  },
  {
    "Rayon": "Accompagnements Assaisonnement",
    "Libellé produit": "Frite fry'n'dip",
    "Marque": "MC CAIN",
    "Code Produit": 669341,
    "Température": "Surgele",
    "Conditionnement": "Sachet de 2.5 kg. Colis de 5 sachets.",
    "Unité de commande": "colis",
    "Prix": "32,38 EUR",
    "Prix à l'unité de mesure": "2,59 EUR / kg",
    "Prix à la portion": "6,48 EUR / sachet",
    "DLC garantie au client": "30 jour(s)"
  },
  {
    "Rayon": "Viandes Volailles Gibier",
    "Libellé produit": "Aile de poulet tex mex. halal",
    "Marque": "PERE DODU",
    "Code Produit": 669671,
    "Température": "Surgele",
    "Conditionnement": "Par colis de 5 kg.",
    "Unité de commande": "colis",
    "Prix": "31,20 EUR",
    "Prix à l'unité de mesure": "6,24 EUR / kg",
    "Prix à la portion": "",
    "DLC garantie au client": "30 jour(s)"
  },
  {
    "Rayon": "Desserts Glaces",
    "Libellé produit": "Compote de pommes allégée. en sucres hve",
    "Marque": "ST MAMET",
    "Code Produit": 674580,
    "Température": "Ambiant",
    "Conditionnement": "Portion de 100 g. Colis de 120 portions.",
    "Unité de commande": "colis",
    "Prix": "19,00 EUR",
    "Prix à l'unité de mesure": "1,58 EUR / kg",
    "Prix à la portion": "0,16 EUR / Portion",
    "DLC garantie au client": "30 jour(s)"
  },
  {
    "Rayon": "Épicerie",
    "Libellé produit": "Abricots moelleux n°4. standard",
    "Marque": "MAITRE PRUNILLE",
    "Code Produit": 676965,
    "Température": "Ambiant",
    "Conditionnement": "Par sachet de 1 kg. Colis de 8 sachets.",
    "Unité de commande": "sachet",
    "Prix": "12,10 EUR",
    "Prix à l'unité de mesure": "12,10 EUR / kg",
    "Prix à la portion": "96,83 EUR / colis",
    "DLC garantie au client": "30 jour(s)"
  },
  {
    "Rayon": "Accompagnements Assaisonnement",
    "Libellé produit": "Cornichon extra fin",
    "Marque": "MARTIN'S",
    "Code Produit": 677120,
    "Température": "Ambiant",
    "Conditionnement": "Bocal de 360 g. Colis de 12 bocaux.",
    "Unité de commande": "colis",
    "Prix": "20,64 EUR",
    "Prix à l'unité de mesure": "4,78 EUR / kg",
    "Prix à la portion": "1,72 EUR / bocal",
    "DLC garantie au client": "30 jour(s)"
  },
  {
    "Rayon": "Pains Viennoiserie Pâtes",
    "Libellé produit": "Pain de mie sans croûte. dimension 12 x 12 cm. longue conservation",
    "Marque": "HARRYS FOOD SERVICE",
    "Code Produit": 679027,
    "Température": "Ambiant",
    "Conditionnement": "Par sachet de 500 g. Colis de 10 sachets.",
    "Unité de commande": "sachet",
    "Prix": "3,25 EUR",
    "Prix à l'unité de mesure": "6,49 EUR / kg",
    "Prix à la portion": "32,45 EUR / colis",
    "DLC garantie au client": "7 jour(s)"
  },
  {
    "Rayon": "Fruits et Légumes",
    "Libellé produit": "Echalote longue. catégorie 1. France",
    "Marque": "STKFL",
    "Code Produit": 679655,
    "Température": "Frais",
    "Conditionnement": "Par filet de 1 kg.",
    "Unité de commande": "filet",
    "Prix": "3,50 EUR",
    "Prix à l'unité de mesure": "3,50 EUR / kg",
    "Prix à la portion": "",
    "DLC garantie au client": ""
  },
  {
    "Rayon": "Accompagnements Assaisonnement",
    "Libellé produit": "Baked beans",
    "Marque": "HEINZ",
    "Code Produit": 680686,
    "Température": "Ambiant",
    "Conditionnement": "Par boite de 2.62 kg. Colis de 6 boites.",
    "Unité de commande": "boite",
    "Prix": "8,79 EUR",
    "Prix à l'unité de mesure": "3,36 EUR / kg",
    "Prix à la portion": "52,75 EUR / colis",
    "DLC garantie au client": "30 jour(s)"
  },
  {
    "Rayon": "Viandes Volailles Gibier",
    "Libellé produit": "Sauté de dinde sans os, sans. peau",
    "Marque": "LE GAULOIS PROF",
    "Code Produit": 682039,
    "Température": "Frais",
    "Conditionnement": "Poche de 2.5 kg. Colis de 2 poches.",
    "Unité de commande": "colis",
    "Prix": "34,92 EUR",
    "Prix à l'unité de mesure": "6,98 EUR / kg",
    "Prix à la portion": "17,46 EUR / poche",
    "DLC garantie au client": "7 jour(s)"
  },
  {
    "Rayon": "Épicerie",
    "Libellé produit": "Infusion verveine Feel Good. sélection",
    "Marque": "LIPTON",
    "Code Produit": 699737,
    "Température": "Ambiant",
    "Conditionnement": "Portion de 1.48 g. Boite de 25 portions.",
    "Unité de commande": "boite",
    "Prix": "3,50 EUR",
    "Prix à l'unité de mesure": "94,46 EUR / kg",
    "Prix à la portion": "0,14 EUR / Portion",
    "DLC garantie au client": "30 jour(s)"
  },
  {
    "Rayon": "Poissons Coquillages Crustacés",
    "Libellé produit": "Sole",
    "Marque": "",
    "Code Produit": 716326,
    "Température": "Frais",
    "Conditionnement": "Par pièce de 450 g.",
    "Unité de commande": "pièce",
    "Prix": "17,97 EUR",
    "Prix à l'unité de mesure": "39,93 EUR / kg",
    "Prix à la portion": "",
    "DLC garantie au client": ""
  },
  {
    "Rayon": "Poissons Coquillages Crustacés",
    "Libellé produit": "Sole",
    "Marque": "",
    "Code Produit": 716327,
    "Température": "Frais",
    "Conditionnement": "Par pièce de 550 g.",
    "Unité de commande": "pièce",
    "Prix": "22,69 EUR",
    "Prix à l'unité de mesure": "41,26 EUR / kg",
    "Prix à la portion": "",
    "DLC garantie au client": ""
  },
  {
    "Rayon": "Fruits et Légumes",
    "Libellé produit": "Tomate grappe. catégorie 1",
    "Marque": "STKFL",
    "Code Produit": 724114,
    "Température": "Frais",
    "Conditionnement": "Par colis de 5 kg.",
    "Unité de commande": "colis",
    "Prix": "8,04 EUR",
    "Prix à l'unité de mesure": "1,61 EUR / kg",
    "Prix à la portion": "",
    "DLC garantie au client": ""
  },
  {
    "Rayon": "Poissons Coquillages Crustacés",
    "Libellé produit": "Saumon fumé norvège tranché. machine",
    "Marque": "",
    "Code Produit": 741406,
    "Température": "Frais",
    "Conditionnement": "Par plaque de 1 kg. Colis de 10 plaques.",
    "Unité de commande": "plaque",
    "Prix": "32,98 EUR",
    "Prix à l'unité de mesure": "32,98 EUR / kg",
    "Prix à la portion": "329,75 EUR / colis",
    "DLC garantie au client": "3 jour(s)"
  },
  {
    "Rayon": "Fruits et Légumes",
    "Libellé produit": "Feuille chêne rouge. catégorie 1. France",
    "Marque": "STKFL",
    "Code Produit": 742698,
    "Température": "Frais",
    "Conditionnement": "Pièce de 300 g. Colis de 6 pièces.",
    "Unité de commande": "colis",
    "Prix": "6,80 EUR",
    "Prix à l'unité de mesure": "3,78 EUR / kg",
    "Prix à la portion": "1,13 EUR / pièce",
    "DLC garantie au client": ""
  },
  {
    "Rayon": "Fruits et Légumes",
    "Libellé produit": "Batavia. catégorie 1. France",
    "Marque": "STKFL",
    "Code Produit": 742701,
    "Température": "Frais",
    "Conditionnement": "Pièce de 300 g. Colis de 6 pièces.",
    "Unité de commande": "colis",
    "Prix": "6,80 EUR",
    "Prix à l'unité de mesure": "3,78 EUR / kg",
    "Prix à la portion": "1,13 EUR / pièce",
    "DLC garantie au client": ""
  },
  {
    "Rayon": "Fruits et Légumes",
    "Libellé produit": "Oignon jaune 60/80. catégorie 1. France",
    "Marque": "STKFL",
    "Code Produit": 767377,
    "Température": "Frais",
    "Conditionnement": "Par filet de 1 kg. Colis de 100 filets.",
    "Unité de commande": "filet",
    "Prix": "1,08 EUR",
    "Prix à l'unité de mesure": "1,08 EUR / kg",
    "Prix à la portion": "108,00 EUR / colis",
    "DLC garantie au client": ""
  },
  {
    "Rayon": "Épicerie",
    "Libellé produit": "Chocolat en poudre 32%. Max Havelaar bio",
    "Marque": "MONBANA",
    "Code Produit": 769175,
    "Température": "Ambiant",
    "Conditionnement": "Portion de 15 g. Colis de 100 portions.",
    "Unité de commande": "colis",
    "Prix": "29,58 EUR",
    "Prix à l'unité de mesure": "19,72 EUR / kg",
    "Prix à la portion": "0,30 EUR / Portion",
    "DLC garantie au client": "30 jour(s)"
  },
  {
    "Rayon": "Fruits et Légumes",
    "Libellé produit": "Carotte. catégorie 1. France",
    "Marque": "STKFL",
    "Code Produit": 785387,
    "Température": "Frais",
    "Conditionnement": "Par sachet de 1.5 kg.",
    "Unité de commande": "sachet",
    "Prix": "2,34 EUR",
    "Prix à l'unité de mesure": "1,56 EUR / kg",
    "Prix à la portion": "",
    "DLC garantie au client": ""
  },
  {
    "Rayon": "Épicerie",
    "Libellé produit": "Corn flakes",
    "Marque": "KELLOGG'S",
    "Code Produit": 786160,
    "Température": "Ambiant",
    "Conditionnement": "Par boite de 500 g. Colis de 14 boites.",
    "Unité de commande": "boite",
    "Prix": "5,10 EUR",
    "Prix à l'unité de mesure": "10,21 EUR / kg",
    "Prix à la portion": "71,46 EUR / colis",
    "DLC garantie au client": "30 jour(s)"
  },
  {
    "Rayon": "Desserts Glaces",
    "Libellé produit": "Feuille de génoise nature. dimension 580 x 380 x 8mm. pochon de 7 feuilles",
    "Marque": "JEAN DUCOURTIEUX",
    "Code Produit": 786368,
    "Température": "Ambiant",
    "Conditionnement": "Portion de 400 g. Colis de 14 portions.",
    "Unité de commande": "colis",
    "Prix": "62,92 EUR",
    "Prix à l'unité de mesure": "11,24 EUR / kg",
    "Prix à la portion": "4,49 EUR / Portion",
    "DLC garantie au client": "7 jour(s)"
  },
  {
    "Rayon": "Viandes Volailles Gibier",
    "Libellé produit": "Paupiette de veau \"V\" frais. ou décongeléee",
    "Marque": "BEAUVALLET RESTAURATION",
    "Code Produit": 800065,
    "Température": "Frais",
    "Conditionnement": "Portion de 180 g. Colis de 5 portions.",
    "Unité de commande": "colis",
    "Prix": "14,86 EUR",
    "Prix à l'unité de mesure": "16,51 EUR / kg",
    "Prix à la portion": "2,97 EUR / Portion",
    "DLC garantie au client": "7 jour(s)"
  },
  {
    "Rayon": "Crèmerie Œufs Fromages",
    "Libellé produit": "Crème excellence cuisine et. pâtisserie uht",
    "Marque": "ELLE & VIRE",
    "Code Produit": 800079,
    "Température": "Frais",
    "Conditionnement": "Brick de 1 litre. Colis de 6 bricks.",
    "Unité de commande": "colis",
    "Prix": "37,86 EUR",
    "Prix à l'unité de mesure": "6,31 EUR / L",
    "Prix à la portion": "6,31 EUR / brick",
    "DLC garantie au client": "7 jour(s)"
  },
  {
    "Rayon": "Accompagnements Assaisonnement",
    "Libellé produit": "Lentilles vertes bio",
    "Marque": "SABAROT",
    "Code Produit": 800272,
    "Température": "Ambiant",
    "Conditionnement": "Par sac de 5 kg.",
    "Unité de commande": "sac",
    "Prix": "27,04 EUR",
    "Prix à l'unité de mesure": "5,41 EUR / kg",
    "Prix à la portion": "",
    "DLC garantie au client": "30 jour(s)"
  },
  {
    "Rayon": "Accompagnements Assaisonnement",
    "Libellé produit": "Céréale gourmande bio",
    "Marque": "TIPIAK RESTAURATION",
    "Code Produit": 800632,
    "Température": "Ambiant",
    "Conditionnement": "Par sac de 4.5 kg.",
    "Unité de commande": "sac",
    "Prix": "23,72 EUR",
    "Prix à l'unité de mesure": "5,27 EUR / kg",
    "Prix à la portion": "",
    "DLC garantie au client": "30 jour(s)"
  },
  {
    "Rayon": "Pains Viennoiserie Pâtes",
    "Libellé produit": "Pain au chocolat. pret à cuire, au beurre,. AOP charente-poitou",
    "Marque": "ECLAT DU TERROIR",
    "Code Produit": 801779,
    "Température": "Surgele",
    "Conditionnement": "Portion de 80 g. Colis de 60 portions.",
    "Unité de commande": "colis",
    "Prix": "39,59 EUR",
    "Prix à l'unité de mesure": "8,25 EUR / kg",
    "Prix à la portion": "0,66 EUR / Portion",
    "DLC garantie au client": "30 jour(s)"
  },
  {
    "Rayon": "Pains Viennoiserie Pâtes",
    "Libellé produit": "Croissant au beurre. pret à cuire. AOP charente-poitou",
    "Marque": "ECLAT DU TERROIR",
    "Code Produit": 801787,
    "Température": "Surgele",
    "Conditionnement": "Portion de 80 g. Colis de 60 portions.",
    "Unité de commande": "colis",
    "Prix": "35,44 EUR",
    "Prix à l'unité de mesure": "7,38 EUR / kg",
    "Prix à la portion": "0,59 EUR / Portion",
    "DLC garantie au client": "30 jour(s)"
  },
  {
    "Rayon": "Pains Viennoiserie Pâtes",
    "Libellé produit": "Torsade aux cranberries. pret à cuire",
    "Marque": "BRIDOR",
    "Code Produit": 804450,
    "Température": "Surgele",
    "Conditionnement": "Portion de 30 g. Colis de 100 portions.",
    "Unité de commande": "colis",
    "Prix": "34,38 EUR",
    "Prix à l'unité de mesure": "11,46 EUR / kg",
    "Prix à la portion": "0,34 EUR / Portion",
    "DLC garantie au client": "30 jour(s)"
  },
  {
    "Rayon": "Desserts Glaces",
    "Libellé produit": "Compote de pommes. allégée en sucres. HVE",
    "Marque": "VALADE EN CORREZE",
    "Code Produit": 804971,
    "Température": "Ambiant",
    "Conditionnement": "Portion de 100 g. Colis de 120 portions.",
    "Unité de commande": "colis",
    "Prix": "23,70 EUR",
    "Prix à l'unité de mesure": "1,98 EUR / kg",
    "Prix à la portion": "0,20 EUR / Portion",
    "DLC garantie au client": "30 jour(s)"
  },
  {
    "Rayon": "Pains Viennoiserie Pâtes",
    "Libellé produit": "Graine de sésame",
    "Marque": "OLYMPFRUITS",
    "Code Produit": 805358,
    "Température": "Ambiant",
    "Conditionnement": "Par paquet de 1 kg. Colis de 5 paquets.",
    "Unité de commande": "paquet",
    "Prix": "5,19 EUR",
    "Prix à l'unité de mesure": "5,19 EUR / kg",
    "Prix à la portion": "25,95 EUR / colis",
    "DLC garantie au client": "30 jour(s)"
  },
  {
    "Rayon": "Accompagnements Assaisonnement",
    "Libellé produit": "Mayonnaise aux oeufs frais",
    "Marque": "LESIEUR",
    "Code Produit": 807363,
    "Température": "Ambiant",
    "Conditionnement": "Par flacon de 450 ml. Colis de 12 flacons.",
    "Unité de commande": "flacon",
    "Prix": "4,03 EUR",
    "Prix à l'unité de mesure": "8,96 EUR / L",
    "Prix à la portion": "48,37 EUR / colis",
    "DLC garantie au client": "30 jour(s)"
  },
  {
    "Rayon": "Accompagnements Assaisonnement",
    "Libellé produit": "Pois cassé bio",
    "Marque": "SABAROT",
    "Code Produit": 811423,
    "Température": "Ambiant",
    "Conditionnement": "Par sac de 5 kg.",
    "Unité de commande": "sac",
    "Prix": "15,13 EUR",
    "Prix à l'unité de mesure": "3,03 EUR / kg",
    "Prix à la portion": "",
    "DLC garantie au client": "30 jour(s)"
  },
  {
    "Rayon": "Équipement Hygiène",
    "Libellé produit": "Serviette ouate blanche. 2 plis. dimension 39 x 39 cm",
    "Marque": "TORK",
    "Code Produit": 811528,
    "Température": "Ambiant",
    "Conditionnement": "Paquet de 150 portions.",
    "Unité de commande": "paquet",
    "Prix": "3,88 EUR",
    "Prix à l'unité de mesure": "",
    "Prix à la portion": "0,03 EUR / Portion",
    "DLC garantie au client": ""
  },
  {
    "Rayon": "Épicerie",
    "Libellé produit": "Pâte à tartiner",
    "Marque": "VALADE EN CORREZE",
    "Code Produit": 811670,
    "Température": "Ambiant",
    "Conditionnement": "Portion de 20 g. Colis de 120 portions.",
    "Unité de commande": "colis",
    "Prix": "20,14 EUR",
    "Prix à l'unité de mesure": "8,39 EUR / kg",
    "Prix à la portion": "0,17 EUR / Portion",
    "DLC garantie au client": "30 jour(s)"
  },
  {
    "Rayon": "Viandes Volailles Gibier",
    "Libellé produit": "Sauté de veau V épaule/bas. carré",
    "Marque": "BEAUVALLET RESTAURATION",
    "Code Produit": 822258,
    "Température": "Frais",
    "Conditionnement": "Par sachet de 2 kg.",
    "Unité de commande": "sachet",
    "Prix": "30,25 EUR",
    "Prix à l'unité de mesure": "15,13 EUR / kg",
    "Prix à la portion": "",
    "DLC garantie au client": "7 jour(s)"
  },
  {
    "Rayon": "Épicerie",
    "Libellé produit": "Sucre en poudre. en sachet dose",
    "Marque": "",
    "Code Produit": 822835,
    "Température": "Ambiant",
    "Conditionnement": "Portion de 5 g. Colis de 1000 portions.",
    "Unité de commande": "colis",
    "Prix": "18,99 EUR",
    "Prix à l'unité de mesure": "3,80 EUR / kg",
    "Prix à la portion": "0,02 EUR / Portion",
    "DLC garantie au client": ""
  },
  {
    "Rayon": "Fruits et Légumes",
    "Libellé produit": "Nectarine jaune B. catégorie 1. 30 fruits",
    "Marque": "STKFL",
    "Code Produit": 827488,
    "Température": "Frais",
    "Conditionnement": "Portion de 116.667 g. Colis de 30 portions.",
    "Unité de commande": "colis",
    "Prix": "16,29 EUR",
    "Prix à l'unité de mesure": "4,65 EUR / kg",
    "Prix à la portion": "0,54 EUR / Portion",
    "DLC garantie au client": ""
  },
  {
    "Rayon": "Viandes Volailles Gibier",
    "Libellé produit": "Poulet fermier Label rouge. de Loué blanc, pac nu",
    "Marque": "LOUE",
    "Code Produit": 832766,
    "Température": "Frais",
    "Conditionnement": "Pièce de 1.4 kg. Colis de 4 pièces.",
    "Unité de commande": "colis",
    "Prix": "35,74 EUR",
    "Prix à l'unité de mesure": "6,38 EUR / kg",
    "Prix à la portion": "8,94 EUR / pièce",
    "DLC garantie au client": "5 jour(s)"
  },
  {
    "Rayon": "Crèmerie Œufs Fromages",
    "Libellé produit": "Crème anglaise vanille. bourbon. avec grains de vanille",
    "Marque": "PRESIDENT PRO",
    "Code Produit": 833642,
    "Température": "Frais",
    "Conditionnement": "Par bouteille de 1 litre. Colis de 6 bouteilles.",
    "Unité de commande": "bouteille",
    "Prix": "3,82 EUR",
    "Prix à l'unité de mesure": "3,82 EUR / L",
    "Prix à la portion": "22,90 EUR / colis",
    "DLC garantie au client": "7 jour(s)"
  },
  {
    "Rayon": "Crèmerie Œufs Fromages",
    "Libellé produit": "Préparation pour tiramisu. au mascarpone",
    "Marque": "GALBANI PRO",
    "Code Produit": 833643,
    "Température": "Frais",
    "Conditionnement": "Par brick de 1 litre. Colis de 6 bricks.",
    "Unité de commande": "brick",
    "Prix": "8,18 EUR",
    "Prix à l'unité de mesure": "8,18 EUR / L",
    "Prix à la portion": "49,08 EUR / colis",
    "DLC garantie au client": "7 jour(s)"
  },
  {
    "Rayon": "Épicerie",
    "Libellé produit": "Spécial K",
    "Marque": "KELLOGG'S",
    "Code Produit": 833810,
    "Température": "Ambiant",
    "Conditionnement": "Portion de 500 g. Colis de 8 portions.",
    "Unité de commande": "colis",
    "Prix": "42,45 EUR",
    "Prix à l'unité de mesure": "10,61 EUR / kg",
    "Prix à la portion": "5,31 EUR / Portion",
    "DLC garantie au client": "30 jour(s)"
  },
  {
    "Rayon": "Charcuterie Traiteur",
    "Libellé produit": "Poitrine porc s/vide",
    "Marque": "BEAUVALLET RESTAURATION",
    "Code Produit": 834291,
    "Température": "Frais",
    "Conditionnement": "Portion de 110 g. Colis de 20 portions.",
    "Unité de commande": "colis",
    "Prix": "23,85 EUR",
    "Prix à l'unité de mesure": "10,84 EUR / kg",
    "Prix à la portion": "1,19 EUR / Portion",
    "DLC garantie au client": "7 jour(s)"
  },
  {
    "Rayon": "Viandes Volailles Gibier",
    "Libellé produit": "Côte d'échine de porc",
    "Marque": "BEAUVALLET RESTAURATION",
    "Code Produit": 835652,
    "Température": "Frais",
    "Conditionnement": "Portion de 170 g. Colis de 10 portions.",
    "Unité de commande": "colis",
    "Prix": "14,96 EUR",
    "Prix à l'unité de mesure": "8,80 EUR / kg",
    "Prix à la portion": "1,50 EUR / Portion",
    "DLC garantie au client": "3 jour(s)"
  },
  {
    "Rayon": "Boissons",
    "Libellé produit": "Jus de pomme Tropicana",
    "Marque": "TROPICANA",
    "Code Produit": 838698,
    "Température": "Ambiant",
    "Conditionnement": "Par bag in box de 10 litre.",
    "Unité de commande": "bag in box",
    "Prix": "33,50 EUR",
    "Prix à l'unité de mesure": "3,35 EUR / L",
    "Prix à la portion": "",
    "DLC garantie au client": "30 jour(s)"
  },
  {
    "Rayon": "Épicerie",
    "Libellé produit": "Nutella",
    "Marque": "NUTELLA",
    "Code Produit": 838839,
    "Température": "Ambiant",
    "Conditionnement": "Portion de 15 g. Colis de 120 portions.",
    "Unité de commande": "colis",
    "Prix": "21,53 EUR",
    "Prix à l'unité de mesure": "11,96 EUR / kg",
    "Prix à la portion": "0,18 EUR / Portion",
    "DLC garantie au client": "30 jour(s)"
  },
  {
    "Rayon": "Charcuterie Traiteur",
    "Libellé produit": "Chipolata sans colorant. sans conservateur",
    "Marque": "",
    "Code Produit": 840637,
    "Température": "Surgele",
    "Conditionnement": "Portion de 50 g. Colis de 100 portions.",
    "Unité de commande": "colis",
    "Prix": "37,79 EUR",
    "Prix à l'unité de mesure": "7,56 EUR / kg",
    "Prix à la portion": "0,38 EUR / Portion",
    "DLC garantie au client": "30 jour(s)"
  },
  {
    "Rayon": "Charcuterie Traiteur",
    "Libellé produit": "Chair à saucisse sans colorant. sans conservateur",
    "Marque": "",
    "Code Produit": 840652,
    "Température": "Surgele",
    "Conditionnement": "Portion de 500 g. Sachet de 2 portions.",
    "Unité de commande": "sachet",
    "Prix": "8,72 EUR",
    "Prix à l'unité de mesure": "8,72 EUR / kg",
    "Prix à la portion": "4,36 EUR / Portion",
    "DLC garantie au client": "30 jour(s)"
  },
  {
    "Rayon": "Crèmerie Œufs Fromages",
    "Libellé produit": "Omelette nature bio",
    "Marque": "COCOTINE",
    "Code Produit": 842195,
    "Température": "Surgele",
    "Conditionnement": "Portion de 90 g. Colis de 60 portions.",
    "Unité de commande": "colis",
    "Prix": "45,85 EUR",
    "Prix à l'unité de mesure": "8,49 EUR / kg",
    "Prix à la portion": "0,76 EUR / Portion",
    "DLC garantie au client": "30 jour(s)"
  },
  {
    "Rayon": "Pains Viennoiserie Pâtes",
    "Libellé produit": "Brioche sucrée",
    "Marque": "CHATEAU BLANC",
    "Code Produit": 842872,
    "Température": "Surgele",
    "Conditionnement": "Portion de 430 g. Colis de 20 portions.",
    "Unité de commande": "colis",
    "Prix": "68,13 EUR",
    "Prix à l'unité de mesure": "7,92 EUR / kg",
    "Prix à la portion": "3,41 EUR / Portion",
    "DLC garantie au client": "30 jour(s)"
  },
  {
    "Rayon": "Fruits et Légumes",
    "Libellé produit": "Melon vert 1100/1300. catégorie 1",
    "Marque": "STKFL",
    "Code Produit": 842965,
    "Température": "Frais",
    "Conditionnement": "Par pièce de 1.25 kg. Colis de 8 pièces.",
    "Unité de commande": "pièce",
    "Prix": "3,91 EUR",
    "Prix à l'unité de mesure": "3,13 EUR / kg",
    "Prix à la portion": "31,30 EUR / colis",
    "DLC garantie au client": ""
  },
  {
    "Rayon": "Épicerie",
    "Libellé produit": "Thé noir Earl Grey 100 sachets. fraicheur",
    "Marque": "LIPTON",
    "Code Produit": 844559,
    "Température": "Ambiant",
    "Conditionnement": "Portion de 2 g. Boite de 100 portions.",
    "Unité de commande": "boite",
    "Prix": "9,43 EUR",
    "Prix à l'unité de mesure": "47,13 EUR / kg",
    "Prix à la portion": "0,09 EUR / Portion",
    "DLC garantie au client": "30 jour(s)"
  },
  {
    "Rayon": "Crèmerie Œufs Fromages",
    "Libellé produit": "Yaourt vanille bio. pot de 125 g. lot de 4 pots",
    "Marque": "LACTEL",
    "Code Produit": 844736,
    "Température": "Frais",
    "Conditionnement": "Portion de 125 g. Colis de 24 portions.",
    "Unité de commande": "colis",
    "Prix": "12,64 EUR",
    "Prix à l'unité de mesure": "4,21 EUR / kg",
    "Prix à la portion": "0,53 EUR / Portion",
    "DLC garantie au client": "7 jour(s)"
  },
  {
    "Rayon": "Épicerie",
    "Libellé produit": "Coco pops riz choc",
    "Marque": "KELLOGG'S",
    "Code Produit": 844942,
    "Température": "Ambiant",
    "Conditionnement": "Portion de 500 g. Colis de 8 portions.",
    "Unité de commande": "colis",
    "Prix": "39,78 EUR",
    "Prix à l'unité de mesure": "9,95 EUR / kg",
    "Prix à la portion": "4,97 EUR / Portion",
    "DLC garantie au client": "30 jour(s)"
  },
  {
    "Rayon": "Pains Viennoiserie Pâtes",
    "Libellé produit": "Biscotte au froment. sachet de 2 tranches",
    "Marque": "PASQUIER",
    "Code Produit": 844952,
    "Température": "Ambiant",
    "Conditionnement": "Portion de 15 g. Colis de 208 portions.",
    "Unité de commande": "colis",
    "Prix": "14,16 EUR",
    "Prix à l'unité de mesure": "4,54 EUR / kg",
    "Prix à la portion": "0,07 EUR / Portion",
    "DLC garantie au client": "30 jour(s)"
  },
  {
    "Rayon": "Crèmerie Œufs Fromages",
    "Libellé produit": "Reblochon de Savoie aop. 27% m.g.",
    "Marque": "POCHAT",
    "Code Produit": 847574,
    "Température": "Frais",
    "Conditionnement": "Par pièce de 450 g. Colis de 6 pièces.",
    "Unité de commande": "pièce",
    "Prix": "10,31 EUR",
    "Prix à l'unité de mesure": "22,91 EUR / kg",
    "Prix à la portion": "61,85 EUR / colis",
    "DLC garantie au client": "7 jour(s)"
  },
  {
    "Rayon": "Crèmerie Œufs Fromages",
    "Libellé produit": "Lait uht 1/2 ecreme bio. bouteille de 1 l",
    "Marque": "LACTEL",
    "Code Produit": 847962,
    "Température": "Frais",
    "Conditionnement": "Bouteille de 1 litre. Colis de 6 bouteilles.",
    "Unité de commande": "colis",
    "Prix": "11,62 EUR",
    "Prix à l'unité de mesure": "1,94 EUR / L",
    "Prix à la portion": "1,94 EUR / bouteille",
    "DLC garantie au client": "7 jour(s)"
  },
  {
    "Rayon": "Accompagnements Assaisonnement",
    "Libellé produit": "Huile d'olive bio. extra vierge",
    "Marque": "BORGES",
    "Code Produit": 848044,
    "Température": "Ambiant",
    "Conditionnement": "Par bouteille de 500 ml. Colis de 12 bouteilles.",
    "Unité de commande": "bouteille",
    "Prix": "6,30 EUR",
    "Prix à l'unité de mesure": "12,60 EUR / L",
    "Prix à la portion": "75,61 EUR / colis",
    "DLC garantie au client": "30 jour(s)"
  },
  {
    "Rayon": "Crèmerie Œufs Fromages",
    "Libellé produit": "Comté 1/12 de meule 35 % m.g.. 4 mois d'affinage aop",
    "Marque": "ERMITAGE",
    "Code Produit": 848242,
    "Température": "Frais",
    "Conditionnement": "Par pièce de 3.5 kg. Colis de 3 pièces.",
    "Unité de commande": "pièce",
    "Prix": "53,88 EUR",
    "Prix à l'unité de mesure": "15,39 EUR / kg",
    "Prix à la portion": "161,64 EUR / colis",
    "DLC garantie au client": "7 jour(s)"
  },
  {
    "Rayon": "Viandes Volailles Gibier",
    "Libellé produit": "Egrene pour boeuf. bio, 15 % m.g.",
    "Marque": "CHARAL",
    "Code Produit": 850768,
    "Température": "Surgele",
    "Conditionnement": "Par sachet de 1 kg. Colis de 6 sachets.",
    "Unité de commande": "sachet",
    "Prix": "16,17 EUR",
    "Prix à l'unité de mesure": "16,17 EUR / kg",
    "Prix à la portion": "97,02 EUR / colis",
    "DLC garantie au client": "30 jour(s)"
  },
  {
    "Rayon": "Fruits et Légumes",
    "Libellé produit": "Poivron jaune",
    "Marque": "STKFL",
    "Code Produit": 852087,
    "Température": "Frais",
    "Conditionnement": "Par filet de 1 kg.",
    "Unité de commande": "filet",
    "Prix": "2,72 EUR",
    "Prix à l'unité de mesure": "2,72 EUR / kg",
    "Prix à la portion": "",
    "DLC garantie au client": "4 jour(s)"
  },
  {
    "Rayon": "Viandes Volailles Gibier",
    "Libellé produit": "Bavette d'aloyau vbf",
    "Marque": "BEAUVALLET RESTAURATION",
    "Code Produit": 853119,
    "Température": "Frais",
    "Conditionnement": "Portion de 180 g. Colis de 10 portions.",
    "Unité de commande": "colis",
    "Prix": "48,82 EUR",
    "Prix à l'unité de mesure": "27,12 EUR / kg",
    "Prix à la portion": "4,88 EUR / Portion",
    "DLC garantie au client": "7 jour(s)"
  },
  {
    "Rayon": "Viandes Volailles Gibier",
    "Libellé produit": "Carré de côte de boeuf. dévertébré vbf",
    "Marque": "BEAUVALLET RESTAURATION",
    "Code Produit": 855493,
    "Température": "Frais",
    "Conditionnement": "Par pièce de 5 kg.",
    "Unité de commande": "pièce",
    "Prix": "112,06 EUR",
    "Prix à l'unité de mesure": "22,41 EUR / kg",
    "Prix à la portion": "",
    "DLC garantie au client": "7 jour(s)"
  },
  {
    "Rayon": "Accompagnements Assaisonnement",
    "Libellé produit": "Fonds blanc de volaille. pour 20 à 40 l",
    "Marque": "CHEF",
    "Code Produit": 859074,
    "Température": "Ambiant",
    "Conditionnement": "Par boite de 800 g. Colis de 6 boites.",
    "Unité de commande": "boite",
    "Prix": "18,07 EUR",
    "Prix à l'unité de mesure": "22,59 EUR / kg",
    "Prix à la portion": "108,43 EUR / colis",
    "DLC garantie au client": "30 jour(s)"
  },
  {
    "Rayon": "Épicerie",
    "Libellé produit": "Confiture fraise",
    "Marque": "BONNE MAMAN",
    "Code Produit": 860008,
    "Température": "Ambiant",
    "Conditionnement": "Pot de 30 g. Colis de 60 pots.",
    "Unité de commande": "colis",
    "Prix": "23,52 EUR",
    "Prix à l'unité de mesure": "13,07 EUR / kg",
    "Prix à la portion": "0,39 EUR / pot",
    "DLC garantie au client": "30 jour(s)"
  },
  {
    "Rayon": "Épicerie",
    "Libellé produit": "Confiture extra abricot",
    "Marque": "BONNE MAMAN",
    "Code Produit": 860009,
    "Température": "Ambiant",
    "Conditionnement": "Pot de 30 g. Colis de 60 pots.",
    "Unité de commande": "colis",
    "Prix": "23,52 EUR",
    "Prix à l'unité de mesure": "13,07 EUR / kg",
    "Prix à la portion": "0,39 EUR / pot",
    "DLC garantie au client": "30 jour(s)"
  },
  {
    "Rayon": "Épicerie",
    "Libellé produit": "Confiture cerise",
    "Marque": "BONNE MAMAN",
    "Code Produit": 860010,
    "Température": "Ambiant",
    "Conditionnement": "Pot de 30 g. Colis de 60 pots.",
    "Unité de commande": "colis",
    "Prix": "25,86 EUR",
    "Prix à l'unité de mesure": "14,37 EUR / kg",
    "Prix à la portion": "0,43 EUR / pot",
    "DLC garantie au client": "30 jour(s)"
  },
  {
    "Rayon": "Épicerie",
    "Libellé produit": "Confiture extre pêche",
    "Marque": "BONNE MAMAN",
    "Code Produit": 860011,
    "Température": "Ambiant",
    "Conditionnement": "Pot de 30 g. Colis de 60 pots.",
    "Unité de commande": "colis",
    "Prix": "27,54 EUR",
    "Prix à l'unité de mesure": "15,30 EUR / kg",
    "Prix à la portion": "0,46 EUR / pot",
    "DLC garantie au client": "30 jour(s)"
  },
  {
    "Rayon": "Épicerie",
    "Libellé produit": "Confiture myrtille sauvage",
    "Marque": "BONNE MAMAN",
    "Code Produit": 860012,
    "Température": "Ambiant",
    "Conditionnement": "Pot de 30 g. Colis de 60 pots.",
    "Unité de commande": "colis",
    "Prix": "35,10 EUR",
    "Prix à l'unité de mesure": "19,50 EUR / kg",
    "Prix à la portion": "0,59 EUR / pot",
    "DLC garantie au client": "30 jour(s)"
  },
  {
    "Rayon": "Épicerie",
    "Libellé produit": "Marmelade oranges amères",
    "Marque": "BONNE MAMAN",
    "Code Produit": 860013,
    "Température": "Ambiant",
    "Conditionnement": "Pot de 30 g. Colis de 60 pots.",
    "Unité de commande": "colis",
    "Prix": "26,46 EUR",
    "Prix à l'unité de mesure": "14,70 EUR / kg",
    "Prix à la portion": "0,44 EUR / pot",
    "DLC garantie au client": "30 jour(s)"
  },
  {
    "Rayon": "Épicerie",
    "Libellé produit": "Confiture extra framboise",
    "Marque": "BONNE MAMAN",
    "Code Produit": 860014,
    "Température": "Ambiant",
    "Conditionnement": "Pot de 30 g. Colis de 60 pots.",
    "Unité de commande": "colis",
    "Prix": "36,78 EUR",
    "Prix à l'unité de mesure": "20,43 EUR / kg",
    "Prix à la portion": "0,61 EUR / pot",
    "DLC garantie au client": "30 jour(s)"
  },
  {
    "Rayon": "Épicerie",
    "Libellé produit": "Sucre en morceau Enveloppé. individuellement. mélange ambre/blanc",
    "Marque": "LA PERRUCHE",
    "Code Produit": 860882,
    "Température": "Ambiant",
    "Conditionnement": "Par boite de 2.5 kg. Colis de 4 boites.",
    "Unité de commande": "boite",
    "Prix": "29,25 EUR",
    "Prix à l'unité de mesure": "11,70 EUR / kg",
    "Prix à la portion": "117,00 EUR / colis",
    "DLC garantie au client": ""
  },
  {
    "Rayon": "Épicerie",
    "Libellé produit": "Corn flakes original",
    "Marque": "KELLOGG'S",
    "Code Produit": 860940,
    "Température": "Ambiant",
    "Conditionnement": "Portion de 500 g. Colis de 8 portions.",
    "Unité de commande": "colis",
    "Prix": "31,28 EUR",
    "Prix à l'unité de mesure": "7,82 EUR / kg",
    "Prix à la portion": "3,91 EUR / Portion",
    "DLC garantie au client": "30 jour(s)"
  },
  {
    "Rayon": "Épicerie",
    "Libellé produit": "Pate a tartiner chocolat. noisette bio",
    "Marque": "JARDIN BIO ETIC",
    "Code Produit": 860941,
    "Température": "Ambiant",
    "Conditionnement": "Par pot de 750 g. Colis de 6 pots.",
    "Unité de commande": "pot",
    "Prix": "7,92 EUR",
    "Prix à l'unité de mesure": "10,56 EUR / kg",
    "Prix à la portion": "47,51 EUR / colis",
    "DLC garantie au client": "30 jour(s)"
  },
  {
    "Rayon": "Crèmerie Œufs Fromages",
    "Libellé produit": "Lait en poudre demi écrémé. 14 % m.g.,  granulé",
    "Marque": "MATINES",
    "Code Produit": 868924,
    "Température": "Ambiant",
    "Conditionnement": "Par sachet de 500 g. Colis de 10 sachets.",
    "Unité de commande": "sachet",
    "Prix": "4,73 EUR",
    "Prix à l'unité de mesure": "9,45 EUR / kg",
    "Prix à la portion": "47,25 EUR / colis",
    "DLC garantie au client": "30 jour(s)"
  },
  {
    "Rayon": "Boissons",
    "Libellé produit": "Jus d'orange pur premium",
    "Marque": "PLEIN FRUIT",
    "Code Produit": 869379,
    "Température": "Ambiant",
    "Conditionnement": "Brick de 1 litre. Colis de 6 bricks.",
    "Unité de commande": "colis",
    "Prix": "14,77 EUR",
    "Prix à l'unité de mesure": "2,46 EUR / L",
    "Prix à la portion": "2,46 EUR / brick",
    "DLC garantie au client": "30 jour(s)"
  },
  {
    "Rayon": "Boissons",
    "Libellé produit": "Pur jus de pomme gala",
    "Marque": "PLEIN FRUIT",
    "Code Produit": 869395,
    "Température": "Ambiant",
    "Conditionnement": "Brick de 1 litre. Colis de 6 bricks.",
    "Unité de commande": "colis",
    "Prix": "10,12 EUR",
    "Prix à l'unité de mesure": "1,69 EUR / L",
    "Prix à la portion": "1,69 EUR / brick",
    "DLC garantie au client": "30 jour(s)"
  },
  {
    "Rayon": "Fruits et Légumes",
    "Libellé produit": "Coeur de romaine x2. catégorie 1",
    "Marque": "STKFL",
    "Code Produit": 870322,
    "Température": "Frais",
    "Conditionnement": "Par sachet de 500 g. Colis de 8 sachets.",
    "Unité de commande": "sachet",
    "Prix": "2,26 EUR",
    "Prix à l'unité de mesure": "4,52 EUR / kg",
    "Prix à la portion": "18,06 EUR / colis",
    "DLC garantie au client": ""
  },
  {
    "Rayon": "Accompagnements Assaisonnement",
    "Libellé produit": "Vinaigre balsamique de Modène. igp",
    "Marque": "BORGES",
    "Code Produit": 873244,
    "Température": "Ambiant",
    "Conditionnement": "Par bouteille de 2 litre. Colis de 6 bouteilles.",
    "Unité de commande": "bouteille",
    "Prix": "13,73 EUR",
    "Prix à l'unité de mesure": "6,86 EUR / L",
    "Prix à la portion": "82,37 EUR / colis",
    "DLC garantie au client": "30 jour(s)"
  },
  {
    "Rayon": "Poissons Coquillages Crustacés",
    "Libellé produit": "Gambas entière crue. argentine sauvage",
    "Marque": "",
    "Code Produit": 873425,
    "Température": "Surgele",
    "Conditionnement": "Par boite de 2 kg. Colis de 6 boites.",
    "Unité de commande": "boite",
    "Prix": "24,91 EUR",
    "Prix à l'unité de mesure": "12,45 EUR / kg",
    "Prix à la portion": "149,45 EUR / colis",
    "DLC garantie au client": "30 jour(s)"
  },
  {
    "Rayon": "Viandes Volailles Gibier",
    "Libellé produit": "Joue de porc frais ou. décongelée",
    "Marque": "BEAUVALLET RESTAURATION",
    "Code Produit": 873432,
    "Température": "Frais",
    "Conditionnement": "Portion de 1 kg. Barquette de 2 portions.",
    "Unité de commande": "barquette",
    "Prix": "27,79 EUR",
    "Prix à l'unité de mesure": "13,90 EUR / kg",
    "Prix à la portion": "13,90 EUR / Portion",
    "DLC garantie au client": "3 jour(s)"
  },
  {
    "Rayon": "Viandes Volailles Gibier",
    "Libellé produit": "Paleron de boeuf",
    "Marque": "",
    "Code Produit": 873467,
    "Température": "Frais",
    "Conditionnement": "Par kilo.",
    "Unité de commande": "kilo",
    "Prix": "11,32 EUR",
    "Prix à l'unité de mesure": "11,32 EUR / kg",
    "Prix à la portion": "",
    "DLC garantie au client": "7 jour(s)"
  },
  {
    "Rayon": "Crèmerie Œufs Fromages",
    "Libellé produit": "Petit billy. 15% m.g.. pièce de 200g",
    "Marque": "PETIT BILLY",
    "Code Produit": 873732,
    "Température": "Frais",
    "Conditionnement": "Plaque de 200 g. Colis de 6 plaques.",
    "Unité de commande": "colis",
    "Prix": "21,20 EUR",
    "Prix à l'unité de mesure": "17,67 EUR / kg",
    "Prix à la portion": "3,53 EUR / plaque",
    "DLC garantie au client": "7 jour(s)"
  },
  {
    "Rayon": "Crèmerie Œufs Fromages",
    "Libellé produit": "Coeur de Neufchatel au. lait cru, 25 % m.g.",
    "Marque": "LES CATELIERS",
    "Code Produit": 873747,
    "Température": "Frais",
    "Conditionnement": "Pièce de 200 g. Colis de 6 pièces.",
    "Unité de commande": "colis",
    "Prix": "16,82 EUR",
    "Prix à l'unité de mesure": "14,02 EUR / kg",
    "Prix à la portion": "2,80 EUR / pièce",
    "DLC garantie au client": "7 jour(s)"
  },
  {
    "Rayon": "Épicerie",
    "Libellé produit": "Oreillons de peches préservées. qualité pâtisserie",
    "Marque": "LEGAVE",
    "Code Produit": 873778,
    "Température": "Ambiant",
    "Conditionnement": "Par boite 4/4 de 820 g. Colis de 12 boites 4/4.",
    "Unité de commande": "boite 4/4",
    "Prix": "2,25 EUR",
    "Prix à l'unité de mesure": "2,74 EUR / kg",
    "Prix à la portion": "27,00 EUR / colis",
    "DLC garantie au client": "30 jour(s)"
  },
  {
    "Rayon": "Pains Viennoiserie Pâtes",
    "Libellé produit": "Baguette 1778 précuites. sur four à sole de pierre. longueur de 45 cm",
    "Marque": "BRIDOR",
    "Code Produit": 874353,
    "Température": "Surgele",
    "Conditionnement": "Portion de 280 g. Colis de 25 portions.",
    "Unité de commande": "colis",
    "Prix": "17,94 EUR",
    "Prix à l'unité de mesure": "2,56 EUR / kg",
    "Prix à la portion": "0,72 EUR / Portion",
    "DLC garantie au client": "30 jour(s)"
  },
  {
    "Rayon": "Accompagnements Assaisonnement",
    "Libellé produit": "Tomates entières pelées",
    "Marque": "CIRIO",
    "Code Produit": 874675,
    "Température": "Ambiant",
    "Conditionnement": "Par boite 3/1 de 2.5 kg. Colis de 6 boites 3/1.",
    "Unité de commande": "boite 3/1",
    "Prix": "5,36 EUR",
    "Prix à l'unité de mesure": "2,14 EUR / kg",
    "Prix à la portion": "32,15 EUR / colis",
    "DLC garantie au client": "30 jour(s)"
  },
  {
    "Rayon": "Fruits et Légumes",
    "Libellé produit": "Céleri rave. catégorie 1",
    "Marque": "STKFL",
    "Code Produit": 877049,
    "Température": "Frais",
    "Conditionnement": "Par pièce de 1 kg. Colis de 8 pièces.",
    "Unité de commande": "pièce",
    "Prix": "1,81 EUR",
    "Prix à l'unité de mesure": "1,81 EUR / kg",
    "Prix à la portion": "14,51 EUR / colis",
    "DLC garantie au client": ""
  },
  {
    "Rayon": "Crèmerie Œufs Fromages",
    "Libellé produit": "Camembert 21 % m.g. bio",
    "Marque": "PRESIDENT",
    "Code Produit": 900012,
    "Température": "Frais",
    "Conditionnement": "Portion de 31.25 g. Boite de 8 portions.",
    "Unité de commande": "boite",
    "Prix": "4,54 EUR",
    "Prix à l'unité de mesure": "18,15 EUR / kg",
    "Prix à la portion": "0,57 EUR / Portion",
    "DLC garantie au client": "7 jour(s)"
  },
  {
    "Rayon": "Desserts Glaces",
    "Libellé produit": "Compote pomme. allegee en sucre",
    "Marque": "CHARLES & ALICE",
    "Code Produit": 900311,
    "Température": "Ambiant",
    "Conditionnement": "Portion de 100 g. Colis de 120 portions.",
    "Unité de commande": "colis",
    "Prix": "20,24 EUR",
    "Prix à l'unité de mesure": "1,69 EUR / kg",
    "Prix à la portion": "0,17 EUR / Portion",
    "DLC garantie au client": "30 jour(s)"
  },
  {
    "Rayon": "Crèmerie Œufs Fromages",
    "Libellé produit": "Tomme brebis",
    "Marque": "PRESIDENT PRO",
    "Code Produit": 900800,
    "Température": "Frais",
    "Conditionnement": "Par barquette de 400 g. Colis de 8 barquettes.",
    "Unité de commande": "barquette",
    "Prix": "8,07 EUR",
    "Prix à l'unité de mesure": "20,18 EUR / kg",
    "Prix à la portion": "64,58 EUR / colis",
    "DLC garantie au client": "7 jour(s)"
  },
  {
    "Rayon": "Crèmerie Œufs Fromages",
    "Libellé produit": "Yaourt nature",
    "Marque": "NOVA",
    "Code Produit": 900805,
    "Température": "Frais",
    "Conditionnement": "Lot de 500 g. Colis de 12 lots. Lot de 4 portions.",
    "Unité de commande": "colis",
    "Prix": "10,38 EUR",
    "Prix à l'unité de mesure": "1,73 EUR / kg",
    "Prix à la portion": "0,87 EUR / lot",
    "DLC garantie au client": "5 jour(s)"
  },
  {
    "Rayon": "Épicerie",
    "Libellé produit": "Sucre canne bio. bûchette de 5 g",
    "Marque": "",
    "Code Produit": 900859,
    "Température": "Ambiant",
    "Conditionnement": "Portion de 5 g. Colis de 1000 portions.",
    "Unité de commande": "colis",
    "Prix": "24,68 EUR",
    "Prix à l'unité de mesure": "4,94 EUR / kg",
    "Prix à la portion": "0,02 EUR / Portion",
    "DLC garantie au client": ""
  },
  {
    "Rayon": "Pains Viennoiserie Pâtes",
    "Libellé produit": "Croissant pur beurre. pret à cuire",
    "Marque": "BRIDOR",
    "Code Produit": 900868,
    "Température": "Surgele",
    "Conditionnement": "Portion de 40 g. Colis de 165 portions.",
    "Unité de commande": "colis",
    "Prix": "43,89 EUR",
    "Prix à l'unité de mesure": "6,65 EUR / kg",
    "Prix à la portion": "0,27 EUR / Portion",
    "DLC garantie au client": "30 jour(s)"
  },
  {
    "Rayon": "Fruits et Légumes",
    "Libellé produit": "Pastèque sans pepin. catégorie 1",
    "Marque": "STKFL",
    "Code Produit": 903353,
    "Température": "Frais",
    "Conditionnement": "Pièce de 4 kg. Colis de 4 pièces.",
    "Unité de commande": "colis",
    "Prix": "31,25 EUR",
    "Prix à l'unité de mesure": "1,95 EUR / kg",
    "Prix à la portion": "7,81 EUR / pièce",
    "DLC garantie au client": ""
  },
  {
    "Rayon": "Fruits et Légumes",
    "Libellé produit": "PDT AGATA FOUR LAVEE +50. CATEGORIE 1. COLIS DE 10KG",
    "Marque": "STKFL",
    "Code Produit": 908766,
    "Température": "Frais",
    "Conditionnement": "Par colis de 10 kg.",
    "Unité de commande": "colis",
    "Prix": "11,46 EUR",
    "Prix à l'unité de mesure": "1,15 EUR / kg",
    "Prix à la portion": "",
    "DLC garantie au client": ""
  },
  {
    "Rayon": "Accompagnements Assaisonnement",
    "Libellé produit": "Quinoa gourmand. bio",
    "Marque": "TIPIAK RESTAURATION",
    "Code Produit": 910255,
    "Température": "Ambiant",
    "Conditionnement": "Par sac de 4.5 kg.",
    "Unité de commande": "sac",
    "Prix": "26,96 EUR",
    "Prix à l'unité de mesure": "5,99 EUR / kg",
    "Prix à la portion": "",
    "DLC garantie au client": "30 jour(s)"
  },
  {
    "Rayon": "Fruits et Légumes",
    "Libellé produit": "Assortiment tomate cerise 5. couleurs. catégorie 1",
    "Marque": "STKFL",
    "Code Produit": 914230,
    "Température": "Frais",
    "Conditionnement": "Par colis de 4 kg.",
    "Unité de commande": "colis",
    "Prix": "21,38 EUR",
    "Prix à l'unité de mesure": "5,35 EUR / kg",
    "Prix à la portion": "",
    "DLC garantie au client": ""
  },
  {
    "Rayon": "Fruits et Légumes",
    "Libellé produit": "Pousse haricot mungo. sachet 1kg. colis par 5",
    "Marque": "WOSTIN",
    "Code Produit": 928426,
    "Température": "Frais",
    "Conditionnement": "Par sachet de 1 kg. Colis de 5 sachets.",
    "Unité de commande": "sachet",
    "Prix": "1,44 EUR",
    "Prix à l'unité de mesure": "1,44 EUR / kg",
    "Prix à la portion": "7,20 EUR / colis",
    "DLC garantie au client": "3 jour(s)"
  },
  {
    "Rayon": "Crèmerie Œufs Fromages",
    "Libellé produit": "Chavroux 13.3 % m.g.",
    "Marque": "CHAVROUX",
    "Code Produit": 930216,
    "Température": "Frais",
    "Conditionnement": "Lot de 480 g. Colis de 6 lots. Lot de 24 portions.",
    "Unité de commande": "colis",
    "Prix": "68,16 EUR",
    "Prix à l'unité de mesure": "23,67 EUR / kg",
    "Prix à la portion": "11,36 EUR / lot",
    "DLC garantie au client": "7 jour(s)"
  },
  {
    "Rayon": "Crèmerie Œufs Fromages",
    "Libellé produit": "Gouda 30% m.g. bio",
    "Marque": "LA VIE DE CHATEAU",
    "Code Produit": 930495,
    "Température": "Frais",
    "Conditionnement": "Portion de 20 g. Colis de 100 portions.",
    "Unité de commande": "colis",
    "Prix": "32,22 EUR",
    "Prix à l'unité de mesure": "16,11 EUR / kg",
    "Prix à la portion": "0,32 EUR / Portion",
    "DLC garantie au client": "7 jour(s)"
  },
  {
    "Rayon": "Charcuterie Traiteur",
    "Libellé produit": "Saucisse de volaille étuvée",
    "Marque": "",
    "Code Produit": 940234,
    "Température": "Frais",
    "Conditionnement": "Portion de 50 g. Sachet de 20 portions.",
    "Unité de commande": "sachet",
    "Prix": "7,25 EUR",
    "Prix à l'unité de mesure": "7,25 EUR / kg",
    "Prix à la portion": "0,36 EUR / Portion",
    "DLC garantie au client": "7 jour(s)"
  },
  {
    "Rayon": "Boissons",
    "Libellé produit": "Jus multifruit",
    "Marque": "PLEIN FRUIT",
    "Code Produit": 950073,
    "Température": "Ambiant",
    "Conditionnement": "Bouteille de 1 litre. Colis de 6 bouteilles.",
    "Unité de commande": "colis",
    "Prix": "9,69 EUR",
    "Prix à l'unité de mesure": "1,62 EUR / L",
    "Prix à la portion": "1,62 EUR / bouteille",
    "DLC garantie au client": "30 jour(s)"
  },
  {
    "Rayon": "Crèmerie Œufs Fromages",
    "Libellé produit": "Blanc d'oeuf liquide",
    "Marque": "SERVIS OEUF",
    "Code Produit": 950227,
    "Température": "Frais",
    "Conditionnement": "Par brick de 1 kg. Colis de 8 bricks.",
    "Unité de commande": "brick",
    "Prix": "3,44 EUR",
    "Prix à l'unité de mesure": "3,44 EUR / kg",
    "Prix à la portion": "27,53 EUR / colis",
    "DLC garantie au client": "7 jour(s)"
  },
  {
    "Rayon": "Boissons",
    "Libellé produit": "Nestlé pure life",
    "Marque": "NESTLE PURE LIFE",
    "Code Produit": 950415,
    "Température": "Ambiant",
    "Conditionnement": "Portion de 500 ml. Colis de 24 portions.",
    "Unité de commande": "colis",
    "Prix": "6,38 EUR",
    "Prix à l'unité de mesure": "0,53 EUR / L",
    "Prix à la portion": "0,27 EUR / Portion",
    "DLC garantie au client": "30 jour(s)"
  },
  {
    "Rayon": "Crèmerie Œufs Fromages",
    "Libellé produit": "Burrata 19 % m.g.",
    "Marque": "AMBROSI",
    "Code Produit": 950486,
    "Température": "Frais",
    "Conditionnement": "Par pot de 120 g. Colis de 6 pots.",
    "Unité de commande": "pot",
    "Prix": "2,24 EUR",
    "Prix à l'unité de mesure": "18,67 EUR / kg",
    "Prix à la portion": "13,44 EUR / colis",
    "DLC garantie au client": "5 jour(s)"
  },
  {
    "Rayon": "Pains Viennoiserie Pâtes",
    "Libellé produit": "Pavé de campagne précuit. sur sole. pièce de 50 g",
    "Marque": "BRIDOR",
    "Code Produit": 950799,
    "Température": "Surgele",
    "Conditionnement": "Portion de 50 g. Colis de 130 portions.",
    "Unité de commande": "colis",
    "Prix": "21,09 EUR",
    "Prix à l'unité de mesure": "3,24 EUR / kg",
    "Prix à la portion": "0,16 EUR / Portion",
    "DLC garantie au client": "30 jour(s)"
  },
  {
    "Rayon": "Desserts Glaces",
    "Libellé produit": "Canelé de Bordeaux bouchée. de 17 g.",
    "Marque": "CANELE DE BORDEAUX",
    "Code Produit": 950895,
    "Température": "Surgele",
    "Conditionnement": "Portion de 17 g. Colis de 200 portions.",
    "Unité de commande": "colis",
    "Prix": "44,39 EUR",
    "Prix à l'unité de mesure": "13,06 EUR / kg",
    "Prix à la portion": "0,22 EUR / Portion",
    "DLC garantie au client": "30 jour(s)"
  },
  {
    "Rayon": "Fruits et Légumes",
    "Libellé produit": "Citron 4/5. catégorie 1",
    "Marque": "STKFL",
    "Code Produit": 950925,
    "Température": "Frais",
    "Conditionnement": "Par filet de 1 kg.",
    "Unité de commande": "filet",
    "Prix": "2,02 EUR",
    "Prix à l'unité de mesure": "2,02 EUR / kg",
    "Prix à la portion": "",
    "DLC garantie au client": ""
  },
  {
    "Rayon": "Fruits et Légumes",
    "Libellé produit": "Abricots AA 45/50. catégorie 1. colis de 5kg",
    "Marque": "STKFL",
    "Code Produit": 950927,
    "Température": "Frais",
    "Conditionnement": "Par colis de 5 kg.",
    "Unité de commande": "colis",
    "Prix": "26,04 EUR",
    "Prix à l'unité de mesure": "5,21 EUR / kg",
    "Prix à la portion": "",
    "DLC garantie au client": ""
  },
  {
    "Rayon": "Desserts Glaces",
    "Libellé produit": "Tarte aux pommes bio. prédecoupée x 12 parts",
    "Marque": "BONCOLAC",
    "Code Produit": 961195,
    "Température": "Surgele",
    "Conditionnement": "Par pièce de 850 g. Colis de 6 pièces.",
    "Unité de commande": "pièce",
    "Prix": "7,25 EUR",
    "Prix à l'unité de mesure": "8,53 EUR / kg",
    "Prix à la portion": "43,52 EUR / colis",
    "DLC garantie au client": "30 jour(s)"
  },
  {
    "Rayon": "Pains Viennoiserie Pâtes",
    "Libellé produit": "Pain au chocolat pur beurre. pret à cuire",
    "Marque": "BRIDOR",
    "Code Produit": 961232,
    "Température": "Surgele",
    "Conditionnement": "Portion de 65 g. Colis de 90 portions.",
    "Unité de commande": "colis",
    "Prix": "38,99 EUR",
    "Prix à l'unité de mesure": "6,67 EUR / kg",
    "Prix à la portion": "0,43 EUR / Portion",
    "DLC garantie au client": "30 jour(s)"
  },
  {
    "Rayon": "Pains Viennoiserie Pâtes",
    "Libellé produit": "Mini pain au chocolat au. beurre fin, pret à cuire",
    "Marque": "BRIDOR",
    "Code Produit": 961235,
    "Température": "Surgele",
    "Conditionnement": "Portion de 28 g. Colis de 260 portions.",
    "Unité de commande": "colis",
    "Prix": "55,94 EUR",
    "Prix à l'unité de mesure": "7,68 EUR / kg",
    "Prix à la portion": "0,22 EUR / Portion",
    "DLC garantie au client": "30 jour(s)"
  },
  {
    "Rayon": "Pains Viennoiserie Pâtes",
    "Libellé produit": "Mini croissant au beurre fin. pret à cuire",
    "Marque": "BRIDOR",
    "Code Produit": 961236,
    "Température": "Surgele",
    "Conditionnement": "Portion de 20 g. Colis de 260 portions.",
    "Unité de commande": "colis",
    "Prix": "40,70 EUR",
    "Prix à l'unité de mesure": "7,83 EUR / kg",
    "Prix à la portion": "0,16 EUR / Portion",
    "DLC garantie au client": "30 jour(s)"
  },
  {
    "Rayon": "Desserts Glaces",
    "Libellé produit": "Compote de pommes allégée en. sucres bio",
    "Marque": "CHARLES & ALICE",
    "Code Produit": 961502,
    "Température": "Ambiant",
    "Conditionnement": "Par boite 5/1 de 4.25 kg. Colis de 3 boites 5/1.",
    "Unité de commande": "boite 5/1",
    "Prix": "11,27 EUR",
    "Prix à l'unité de mesure": "2,65 EUR / kg",
    "Prix à la portion": "33,81 EUR / colis",
    "DLC garantie au client": "30 jour(s)"
  },
  {
    "Rayon": "Boissons",
    "Libellé produit": "Jus d'orange abc 100% teneur. en fruits",
    "Marque": "GRANINI",
    "Code Produit": 961524,
    "Température": "Ambiant",
    "Conditionnement": "Par bag in box de 10 litre.",
    "Unité de commande": "bag in box",
    "Prix": "31,60 EUR",
    "Prix à l'unité de mesure": "3,16 EUR / L",
    "Prix à la portion": "",
    "DLC garantie au client": "30 jour(s)"
  },
  {
    "Rayon": "Viandes Volailles Gibier",
    "Libellé produit": "Rôti longe de porc vpf",
    "Marque": "BEAUVALLET RESTAURATION",
    "Code Produit": 961705,
    "Température": "Frais",
    "Conditionnement": "Par pièce de 2 kg.",
    "Unité de commande": "pièce",
    "Prix": "17,82 EUR",
    "Prix à l'unité de mesure": "8,91 EUR / kg",
    "Prix à la portion": "",
    "DLC garantie au client": "7 jour(s)"
  },
  {
    "Rayon": "Fruits et Légumes",
    "Libellé produit": "Abricots A 40/45. catégorie 1",
    "Marque": "STKFL",
    "Code Produit": 966022,
    "Température": "Frais",
    "Conditionnement": "Portion de 40 g. Colis de 125 portions.",
    "Unité de commande": "colis",
    "Prix": "23,96 EUR",
    "Prix à l'unité de mesure": "4,79 EUR / kg",
    "Prix à la portion": "0,19 EUR / Portion",
    "DLC garantie au client": ""
  },
  {
    "Rayon": "Fruits et Légumes",
    "Libellé produit": "Citron vert. catégorie 1",
    "Marque": "STKFL",
    "Code Produit": 966024,
    "Température": "Frais",
    "Conditionnement": "Portion de 93.75 g. Colis de 48 portions.",
    "Unité de commande": "colis",
    "Prix": "13,46 EUR",
    "Prix à l'unité de mesure": "2,99 EUR / kg",
    "Prix à la portion": "0,28 EUR / Portion",
    "DLC garantie au client": ""
  },
  {
    "Rayon": "Fruits et Légumes",
    "Libellé produit": "Carotte. 20/30 - catégorie 1. origine France",
    "Marque": "STKFL",
    "Code Produit": 966063,
    "Température": "Frais",
    "Conditionnement": "Par sac de 5 kg.",
    "Unité de commande": "sac",
    "Prix": "5,96 EUR",
    "Prix à l'unité de mesure": "1,19 EUR / kg",
    "Prix à la portion": "",
    "DLC garantie au client": ""
  },
  {
    "Rayon": "Fruits et Légumes",
    "Libellé produit": "Brocolis. catégorie 1. colis de 6 kg",
    "Marque": "STKFL",
    "Code Produit": 966252,
    "Température": "Frais",
    "Conditionnement": "Portion de 428.571 g. Colis de 14 portions.",
    "Unité de commande": "colis",
    "Prix": "13,79 EUR",
    "Prix à l'unité de mesure": "2,30 EUR / kg",
    "Prix à la portion": "0,99 EUR / Portion",
    "DLC garantie au client": ""
  },
  {
    "Rayon": "Fruits et Légumes",
    "Libellé produit": "Framboise. catégorie 1. barquette de 125 g",
    "Marque": "DRISCOLL'S",
    "Code Produit": 966498,
    "Température": "Frais",
    "Conditionnement": "Par barquette de 125 g.",
    "Unité de commande": "barquette",
    "Prix": "2,23 EUR",
    "Prix à l'unité de mesure": "17,82 EUR / kg",
    "Prix à la portion": "",
    "DLC garantie au client": ""
  },
  {
    "Rayon": "Fruits et Légumes",
    "Libellé produit": "Endive. catégorie 1 - origine France. colis de 5 kg",
    "Marque": "STKFL",
    "Code Produit": 966534,
    "Température": "Frais",
    "Conditionnement": "Par colis de 5 kg.",
    "Unité de commande": "colis",
    "Prix": "11,15 EUR",
    "Prix à l'unité de mesure": "2,23 EUR / kg",
    "Prix à la portion": "",
    "DLC garantie au client": ""
  },
  {
    "Rayon": "Fruits et Légumes",
    "Libellé produit": "Chou vert frisé. catégorie 1. France",
    "Marque": "STKFL",
    "Code Produit": 966568,
    "Température": "Frais",
    "Conditionnement": "Pièce de 1.66 kg. Colis de 6 pièces.",
    "Unité de commande": "colis",
    "Prix": "12,47 EUR",
    "Prix à l'unité de mesure": "1,25 EUR / kg",
    "Prix à la portion": "2,08 EUR / pièce",
    "DLC garantie au client": ""
  },
  {
    "Rayon": "Fruits et Légumes",
    "Libellé produit": "Grenade. calibre 320 g. catégorie 1",
    "Marque": "STKFL",
    "Code Produit": 966580,
    "Température": "Frais",
    "Conditionnement": "Pièce de 316 g. Colis de 12 pièces.",
    "Unité de commande": "colis",
    "Prix": "23,26 EUR",
    "Prix à l'unité de mesure": "6,13 EUR / kg",
    "Prix à la portion": "1,94 EUR / pièce",
    "DLC garantie au client": ""
  },
  {
    "Rayon": "Fruits et Légumes",
    "Libellé produit": "Orange Valencia Late 5. catégorie 1",
    "Marque": "STKFL",
    "Code Produit": 966583,
    "Température": "Frais",
    "Conditionnement": "Par colis de 15 kg.",
    "Unité de commande": "colis",
    "Prix": "23,48 EUR",
    "Prix à l'unité de mesure": "1,57 EUR / kg",
    "Prix à la portion": "",
    "DLC garantie au client": ""
  },
  {
    "Rayon": "Fruits et Légumes",
    "Libellé produit": "Fenouil. catégorie 1",
    "Marque": "STKFL",
    "Code Produit": 966697,
    "Température": "Frais",
    "Conditionnement": "Par colis de 5 kg.",
    "Unité de commande": "colis",
    "Prix": "10,46 EUR",
    "Prix à l'unité de mesure": "2,09 EUR / kg",
    "Prix à la portion": "",
    "DLC garantie au client": ""
  },
  {
    "Rayon": "Fruits et Légumes",
    "Libellé produit": "Tomate cerise. catégorie 1",
    "Marque": "STKFL",
    "Code Produit": 966755,
    "Température": "Frais",
    "Conditionnement": "Par colis de 4 kg.",
    "Unité de commande": "colis",
    "Prix": "10,86 EUR",
    "Prix à l'unité de mesure": "2,72 EUR / kg",
    "Prix à la portion": "",
    "DLC garantie au client": ""
  },
  {
    "Rayon": "Fruits et Légumes",
    "Libellé produit": "Concombre 4/5. catégorie 1",
    "Marque": "STKFL",
    "Code Produit": 966776,
    "Température": "Frais",
    "Conditionnement": "Pièce de 450 g. Colis de 12 pièces.",
    "Unité de commande": "colis",
    "Prix": "7,43 EUR",
    "Prix à l'unité de mesure": "1,38 EUR / kg",
    "Prix à la portion": "0,62 EUR / pièce",
    "DLC garantie au client": ""
  },
  {
    "Rayon": "Fruits et Légumes",
    "Libellé produit": "Tomate cerise. catégorie 1. barquette de 250 g",
    "Marque": "STKFL",
    "Code Produit": 966837,
    "Température": "Frais",
    "Conditionnement": "Par barquette de 250 g. Colis de 9 barquettes.",
    "Unité de commande": "barquette",
    "Prix": "0,78 EUR",
    "Prix à l'unité de mesure": "3,13 EUR / kg",
    "Prix à la portion": "7,05 EUR / colis",
    "DLC garantie au client": ""
  },
  {
    "Rayon": "Fruits et Légumes",
    "Libellé produit": "Tomate cerise allongée. catégorie 1",
    "Marque": "STKFL",
    "Code Produit": 966839,
    "Température": "Frais",
    "Conditionnement": "Par barquette de 250 g. Colis de 12 barquettes.",
    "Unité de commande": "barquette",
    "Prix": "0,88 EUR",
    "Prix à l'unité de mesure": "3,52 EUR / kg",
    "Prix à la portion": "10,56 EUR / colis",
    "DLC garantie au client": ""
  },
  {
    "Rayon": "Fruits et Légumes",
    "Libellé produit": "Poivron vert GG. catégorie 1",
    "Marque": "STKFL",
    "Code Produit": 966911,
    "Température": "Frais",
    "Conditionnement": "Par colis de 5 kg.",
    "Unité de commande": "colis",
    "Prix": "16,69 EUR",
    "Prix à l'unité de mesure": "3,34 EUR / kg",
    "Prix à la portion": "",
    "DLC garantie au client": ""
  },
  {
    "Rayon": "Fruits et Légumes",
    "Libellé produit": "Poivron jaune GG. catégorie 1",
    "Marque": "STKFL",
    "Code Produit": 966992,
    "Température": "Frais",
    "Conditionnement": "Par colis de 5 kg.",
    "Unité de commande": "colis",
    "Prix": "10,81 EUR",
    "Prix à l'unité de mesure": "2,16 EUR / kg",
    "Prix à la portion": "",
    "DLC garantie au client": ""
  },
  {
    "Rayon": "Fruits et Légumes",
    "Libellé produit": "Mangue Kent affinée. catégorie 1",
    "Marque": "STKFL",
    "Code Produit": 967186,
    "Température": "Frais",
    "Conditionnement": "Pièce de 440 g. Colis de 9 pièces.",
    "Unité de commande": "colis",
    "Prix": "15,28 EUR",
    "Prix à l'unité de mesure": "3,86 EUR / kg",
    "Prix à la portion": "1,70 EUR / pièce",
    "DLC garantie au client": ""
  },
  {
    "Rayon": "Fruits et Légumes",
    "Libellé produit": "Pastèque sans pépin. catégorie 1",
    "Marque": "STKFL",
    "Code Produit": 967233,
    "Température": "Frais",
    "Conditionnement": "Par pièce de 3.3 kg. Colis de 6 pièces.",
    "Unité de commande": "pièce",
    "Prix": "5,54 EUR",
    "Prix à l'unité de mesure": "1,68 EUR / kg",
    "Prix à la portion": "33,22 EUR / colis",
    "DLC garantie au client": ""
  },
  {
    "Rayon": "Fruits et Légumes",
    "Libellé produit": "Poivron rouge GG. catégorie 1",
    "Marque": "STKFL",
    "Code Produit": 967238,
    "Température": "Frais",
    "Conditionnement": "Par colis de 5 kg.",
    "Unité de commande": "colis",
    "Prix": "9,42 EUR",
    "Prix à l'unité de mesure": "1,88 EUR / kg",
    "Prix à la portion": "",
    "DLC garantie au client": ""
  },
  {
    "Rayon": "Fruits et Légumes",
    "Libellé produit": "Roquette. catégorie 1. barquette de 1 kg",
    "Marque": "STKFL",
    "Code Produit": 967289,
    "Température": "Frais",
    "Conditionnement": "Par barquette de 1 kg.",
    "Unité de commande": "barquette",
    "Prix": "5,49 EUR",
    "Prix à l'unité de mesure": "5,49 EUR / kg",
    "Prix à la portion": "",
    "DLC garantie au client": "3 jour(s)"
  },
  {
    "Rayon": "Fruits et Légumes",
    "Libellé produit": "Rhubarbe. catégorie 1 - origine France. colis de 5 kg",
    "Marque": "STKFL",
    "Code Produit": 967671,
    "Température": "Frais",
    "Conditionnement": "Par colis de 5 kg.",
    "Unité de commande": "colis",
    "Prix": "12,88 EUR",
    "Prix à l'unité de mesure": "2,58 EUR / kg",
    "Prix à la portion": "",
    "DLC garantie au client": ""
  },
  {
    "Rayon": "Fruits et Légumes",
    "Libellé produit": "Pommes Granny 170/195. catégorie 1. France",
    "Marque": "STKFL",
    "Code Produit": 967887,
    "Température": "Frais",
    "Conditionnement": "Par colis de 4 kg.",
    "Unité de commande": "colis",
    "Prix": "9,47 EUR",
    "Prix à l'unité de mesure": "2,37 EUR / kg",
    "Prix à la portion": "",
    "DLC garantie au client": ""
  },
  {
    "Rayon": "Fruits et Légumes",
    "Libellé produit": "Raisins red globe. catégorie 1. colis de 8.2kg",
    "Marque": "STKFL",
    "Code Produit": 967894,
    "Température": "Frais",
    "Conditionnement": "Par colis de 8.2 kg.",
    "Unité de commande": "colis",
    "Prix": "34,19 EUR",
    "Prix à l'unité de mesure": "4,17 EUR / kg",
    "Prix à la portion": "",
    "DLC garantie au client": ""
  },
  {
    "Rayon": "Fruits et Légumes",
    "Libellé produit": "Pommes pink lady. calibre 201/270 - 80/85. catégorie 1 - origine France",
    "Marque": "STKFL",
    "Code Produit": 967904,
    "Température": "Frais",
    "Conditionnement": "Portion de 222.222 g. Colis de 18 portions.",
    "Unité de commande": "colis",
    "Prix": "13,08 EUR",
    "Prix à l'unité de mesure": "3,27 EUR / kg",
    "Prix à la portion": "0,73 EUR / Portion",
    "DLC garantie au client": ""
  },
  {
    "Rayon": "Fruits et Légumes",
    "Libellé produit": "Orange navel powell 6. catégorie 1",
    "Marque": "STKFL",
    "Code Produit": 968060,
    "Température": "Frais",
    "Conditionnement": "Par colis de 15 kg.",
    "Unité de commande": "colis",
    "Prix": "23,27 EUR",
    "Prix à l'unité de mesure": "1,55 EUR / kg",
    "Prix à la portion": "",
    "DLC garantie au client": ""
  },
  {
    "Rayon": "Fruits et Légumes",
    "Libellé produit": "Patate douce. catégorie 1. colis de 2 kg",
    "Marque": "STKFL",
    "Code Produit": 968179,
    "Température": "Frais",
    "Conditionnement": "Par colis de 2 kg.",
    "Unité de commande": "colis",
    "Prix": "6,68 EUR",
    "Prix à l'unité de mesure": "3,34 EUR / kg",
    "Prix à la portion": "",
    "DLC garantie au client": ""
  },
  {
    "Rayon": "Fruits et Légumes",
    "Libellé produit": "Carambole. catégorie 1. pièce de 104 g",
    "Marque": "AFL",
    "Code Produit": 968188,
    "Température": "Frais",
    "Conditionnement": "Par pièce de 104 g. Colis de 24 pièces.",
    "Unité de commande": "pièce",
    "Prix": "1,41 EUR",
    "Prix à l'unité de mesure": "13,59 EUR / kg",
    "Prix à la portion": "33,91 EUR / colis",
    "DLC garantie au client": ""
  },
  {
    "Rayon": "Fruits et Légumes",
    "Libellé produit": "Chou vert frisé. catégorie",
    "Marque": "STKFL",
    "Code Produit": 968467,
    "Température": "Frais",
    "Conditionnement": "Pièce de 1.666 kg. Colis de 6 pièces.",
    "Unité de commande": "colis",
    "Prix": "13,13 EUR",
    "Prix à l'unité de mesure": "1,31 EUR / kg",
    "Prix à la portion": "2,19 EUR / pièce",
    "DLC garantie au client": ""
  },
  {
    "Rayon": "Fruits et Légumes",
    "Libellé produit": "Oignon rouge 60/80. catégorie 1",
    "Marque": "STKFL",
    "Code Produit": 968632,
    "Température": "Frais",
    "Conditionnement": "Par filet de 1 kg. Colis de 100 filets.",
    "Unité de commande": "filet",
    "Prix": "1,68 EUR",
    "Prix à l'unité de mesure": "1,68 EUR / kg",
    "Prix à la portion": "167,60 EUR / colis",
    "DLC garantie au client": ""
  },
  {
    "Rayon": "Fruits et Légumes",
    "Libellé produit": "Nectarine blanche b30. catégorie 1",
    "Marque": "STKFL",
    "Code Produit": 968836,
    "Température": "Frais",
    "Conditionnement": "Portion de 116.667 g. Colis de 30 portions.",
    "Unité de commande": "colis",
    "Prix": "15,80 EUR",
    "Prix à l'unité de mesure": "4,52 EUR / kg",
    "Prix à la portion": "0,53 EUR / Portion",
    "DLC garantie au client": ""
  },
  {
    "Rayon": "Fruits et Légumes",
    "Libellé produit": "Peche blanche b30. catégorie 1",
    "Marque": "STKFL",
    "Code Produit": 968841,
    "Température": "Frais",
    "Conditionnement": "Portion de 116.667 g. Colis de 30 portions.",
    "Unité de commande": "colis",
    "Prix": "17,74 EUR",
    "Prix à l'unité de mesure": "5,07 EUR / kg",
    "Prix à la portion": "0,59 EUR / Portion",
    "DLC garantie au client": ""
  },
  {
    "Rayon": "Fruits et Légumes",
    "Libellé produit": "Pdt Jazzy lavée 35-55. catégorie 1. France",
    "Marque": "STKFL",
    "Code Produit": 968891,
    "Température": "Frais",
    "Conditionnement": "Par filet de 2.5 kg. Colis de 6 filets.",
    "Unité de commande": "filet",
    "Prix": "2,70 EUR",
    "Prix à l'unité de mesure": "1,08 EUR / kg",
    "Prix à la portion": "16,19 EUR / colis",
    "DLC garantie au client": ""
  },
  {
    "Rayon": "Fruits et Légumes",
    "Libellé produit": "Navet long blanc. catégorie 1",
    "Marque": "STKFL",
    "Code Produit": 968893,
    "Température": "Frais",
    "Conditionnement": "Par pièce de 400 g. Colis de 15 pièces.",
    "Unité de commande": "pièce",
    "Prix": "1,56 EUR",
    "Prix à l'unité de mesure": "3,89 EUR / kg",
    "Prix à la portion": "23,36 EUR / colis",
    "DLC garantie au client": ""
  },
  {
    "Rayon": "Fruits et Légumes",
    "Libellé produit": "Haricot vert équeuté. catégorie 1",
    "Marque": "STKFL",
    "Code Produit": 968961,
    "Température": "Frais",
    "Conditionnement": "Par barquette de 500 g.",
    "Unité de commande": "barquette",
    "Prix": "4,06 EUR",
    "Prix à l'unité de mesure": "8,12 EUR / kg",
    "Prix à la portion": "",
    "DLC garantie au client": "3 jour(s)"
  },
  {
    "Rayon": "Fruits et Légumes",
    "Libellé produit": "Pdt gren.gourm.lavée 28/35. catégorie 1. France",
    "Marque": "STKFL",
    "Code Produit": 969584,
    "Température": "Frais",
    "Conditionnement": "Par colis de 5 kg.",
    "Unité de commande": "colis",
    "Prix": "9,40 EUR",
    "Prix à l'unité de mesure": "1,88 EUR / kg",
    "Prix à la portion": "",
    "DLC garantie au client": ""
  },
  {
    "Rayon": "Fruits et Légumes",
    "Libellé produit": "Raisin blanc sans pépins. catégorie 1",
    "Marque": "STKFL",
    "Code Produit": 969957,
    "Température": "Frais",
    "Conditionnement": "Par barquette de 500 g. Colis de 10 barquettes.",
    "Unité de commande": "barquette",
    "Prix": "2,26 EUR",
    "Prix à l'unité de mesure": "4,52 EUR / kg",
    "Prix à la portion": "22,58 EUR / colis",
    "DLC garantie au client": ""
  },
  {
    "Rayon": "Charcuterie Traiteur",
    "Libellé produit": "Merguez sans boyau *Halal",
    "Marque": "",
    "Code Produit": 970128,
    "Température": "Surgele",
    "Conditionnement": "Par colis de 5 kg.",
    "Unité de commande": "colis",
    "Prix": "54,00 EUR",
    "Prix à l'unité de mesure": "10,80 EUR / kg",
    "Prix à la portion": "",
    "DLC garantie au client": "30 jour(s)"
  },
  {
    "Rayon": "Poissons Coquillages Crustacés",
    "Libellé produit": "Gambas crue élevée black tiger. calibre 16/20",
    "Marque": "ROYAL BLUE",
    "Code Produit": 970541,
    "Température": "Surgele",
    "Conditionnement": "Par boite de 800 g. Colis de 10 boites.",
    "Unité de commande": "boite",
    "Prix": "12,79 EUR",
    "Prix à l'unité de mesure": "15,99 EUR / kg",
    "Prix à la portion": "127,90 EUR / colis",
    "DLC garantie au client": "30 jour(s)"
  },
  {
    "Rayon": "Fruits et Légumes",
    "Libellé produit": "Betterave Chioggia crue. catégorie 1",
    "Marque": "STKFL",
    "Code Produit": 970838,
    "Température": "Frais",
    "Conditionnement": "Par colis de 5 kg.",
    "Unité de commande": "colis",
    "Prix": "12,19 EUR",
    "Prix à l'unité de mesure": "2,44 EUR / kg",
    "Prix à la portion": "",
    "DLC garantie au client": ""
  },
  {
    "Rayon": "Fruits et Légumes",
    "Libellé produit": "Fraise gariguette. catégorie 1. France",
    "Marque": "STKFL",
    "Code Produit": 970868,
    "Température": "Frais",
    "Conditionnement": "Barquette de 250 g. Colis de 8 barquettes.",
    "Unité de commande": "colis",
    "Prix": "35,62 EUR",
    "Prix à l'unité de mesure": "17,81 EUR / kg",
    "Prix à la portion": "4,45 EUR / barquette",
    "DLC garantie au client": ""
  },
  {
    "Rayon": "Fruits et Légumes",
    "Libellé produit": "Raisins blancs Thomson. catégorie 1. colis 4.5kg",
    "Marque": "STKFL",
    "Code Produit": 970875,
    "Température": "Frais",
    "Conditionnement": "Par colis de 4.5 kg.",
    "Unité de commande": "colis",
    "Prix": "17,83 EUR",
    "Prix à l'unité de mesure": "3,96 EUR / kg",
    "Prix à la portion": "",
    "DLC garantie au client": ""
  },
  {
    "Rayon": "Fruits et Légumes",
    "Libellé produit": "Pomme de terre gourmandine. lavee 35+. catégorie 1",
    "Marque": "STKFL",
    "Code Produit": 970958,
    "Température": "Frais",
    "Conditionnement": "Par colis de 12.5 kg.",
    "Unité de commande": "colis",
    "Prix": "15,99 EUR",
    "Prix à l'unité de mesure": "1,28 EUR / kg",
    "Prix à la portion": "",
    "DLC garantie au client": ""
  },
  {
    "Rayon": "Fruits et Légumes",
    "Libellé produit": "Mini fenouil. catégorie 1. barquette 400g",
    "Marque": "AFL",
    "Code Produit": 970982,
    "Température": "Frais",
    "Conditionnement": "Par barquette de 400 g. Colis de 4 barquettes.",
    "Unité de commande": "barquette",
    "Prix": "11,19 EUR",
    "Prix à l'unité de mesure": "27,97 EUR / kg",
    "Prix à la portion": "44,74 EUR / colis",
    "DLC garantie au client": ""
  },
  {
    "Rayon": "Fruits et Légumes",
    "Libellé produit": "Mangue kent. catégorie 1",
    "Marque": "STKFL",
    "Code Produit": 971144,
    "Température": "Frais",
    "Conditionnement": "Pièce de 470 g. Colis de 8 pièces.",
    "Unité de commande": "colis",
    "Prix": "12,72 EUR",
    "Prix à l'unité de mesure": "3,38 EUR / kg",
    "Prix à la portion": "1,59 EUR / pièce",
    "DLC garantie au client": ""
  },
  {
    "Rayon": "Fruits et Légumes",
    "Libellé produit": "Celeri branche. catégorie 1",
    "Marque": "STKFL",
    "Code Produit": 971188,
    "Température": "Frais",
    "Conditionnement": "Par pièce de 700 g. Colis de 10 pièces.",
    "Unité de commande": "pièce",
    "Prix": "2,00 EUR",
    "Prix à l'unité de mesure": "2,85 EUR / kg",
    "Prix à la portion": "19,97 EUR / colis",
    "DLC garantie au client": ""
  },
  {
    "Rayon": "Fruits et Légumes",
    "Libellé produit": "POUSSE EPINARD. CATEGORIE 1",
    "Marque": "STKFL",
    "Code Produit": 971214,
    "Température": "Frais",
    "Conditionnement": "Par pièce de 1 kg.",
    "Unité de commande": "pièce",
    "Prix": "4,93 EUR",
    "Prix à l'unité de mesure": "4,93 EUR / kg",
    "Prix à la portion": "",
    "DLC garantie au client": "3 jour(s)"
  },
  {
    "Rayon": "Fruits et Légumes",
    "Libellé produit": "Ananas sweet B9. catégorie 1",
    "Marque": "STKFL",
    "Code Produit": 971376,
    "Température": "Frais",
    "Conditionnement": "Par pièce de 1.28 kg. Colis de 9 pièces.",
    "Unité de commande": "pièce",
    "Prix": "1,77 EUR",
    "Prix à l'unité de mesure": "1,38 EUR / kg",
    "Prix à la portion": "15,92 EUR / colis",
    "DLC garantie au client": ""
  },
  {
    "Rayon": "Fruits et Légumes",
    "Libellé produit": "Figue fraiche. catégorie 1. colis 1.2kg",
    "Marque": "STKFL",
    "Code Produit": 971397,
    "Température": "Frais",
    "Conditionnement": "Par colis de 1.2 kg.",
    "Unité de commande": "colis",
    "Prix": "17,55 EUR",
    "Prix à l'unité de mesure": "14,63 EUR / kg",
    "Prix à la portion": "",
    "DLC garantie au client": ""
  },
  {
    "Rayon": "Fruits et Légumes",
    "Libellé produit": "Oignon jaune  60/80. catégorie 1. France",
    "Marque": "STKFL",
    "Code Produit": 971400,
    "Température": "Frais",
    "Conditionnement": "Par filet de 5 kg.",
    "Unité de commande": "filet",
    "Prix": "3,81 EUR",
    "Prix à l'unité de mesure": "0,76 EUR / kg",
    "Prix à la portion": "",
    "DLC garantie au client": ""
  },
  {
    "Rayon": "Fruits et Légumes",
    "Libellé produit": "Mangue avion. catégorie 1",
    "Marque": "STKFL",
    "Code Produit": 971401,
    "Température": "Frais",
    "Conditionnement": "Pièce de 450 g. Colis de 12 pièces.",
    "Unité de commande": "colis",
    "Prix": "72,74 EUR",
    "Prix à l'unité de mesure": "13,47 EUR / kg",
    "Prix à la portion": "6,06 EUR / pièce",
    "DLC garantie au client": ""
  },
  {
    "Rayon": "Crèmerie Œufs Fromages",
    "Libellé produit": "St Môret",
    "Marque": "ST MORET",
    "Code Produit": 980505,
    "Température": "Frais",
    "Conditionnement": "Par barquette de 1 kg. Colis de 4 barquettes.",
    "Unité de commande": "barquette",
    "Prix": "13,16 EUR",
    "Prix à l'unité de mesure": "13,16 EUR / kg",
    "Prix à la portion": "52,62 EUR / colis",
    "DLC garantie au client": "7 jour(s)"
  },
  {
    "Rayon": "Viandes Volailles Gibier",
    "Libellé produit": "Filet mignon de porc",
    "Marque": "",
    "Code Produit": 980565,
    "Température": "Frais",
    "Conditionnement": "Par kilo.",
    "Unité de commande": "kilo",
    "Prix": "8,29 EUR",
    "Prix à l'unité de mesure": "8,29 EUR / kg",
    "Prix à la portion": "",
    "DLC garantie au client": "7 jour(s)"
  },
  {
    "Rayon": "Poissons Coquillages Crustacés",
    "Libellé produit": "Filet de St Pierre avec peau. peché en FAO 61",
    "Marque": "",
    "Code Produit": 980588,
    "Température": "Surgele",
    "Conditionnement": "Par colis de 5 kg.",
    "Unité de commande": "colis",
    "Prix": "89,49 EUR",
    "Prix à l'unité de mesure": "17,90 EUR / kg",
    "Prix à la portion": "",
    "DLC garantie au client": "30 jour(s)"
  },
  {
    "Rayon": "Équipement Hygiène",
    "Libellé produit": "Assert lemon. plonge manuelle",
    "Marque": "ECOLAB",
    "Code Produit": 980703,
    "Température": "Ambiant",
    "Conditionnement": "Par bidon de 5 litre. Colis de 2 bidons.",
    "Unité de commande": "bidon",
    "Prix": "24,84 EUR",
    "Prix à l'unité de mesure": "4,97 EUR / L",
    "Prix à la portion": "49,68 EUR / colis",
    "DLC garantie au client": "30 jour(s)"
  },
  {
    "Rayon": "Poissons Coquillages Crustacés",
    "Libellé produit": "Filet de dorade royale avec. peau écaillée élevé en grèce. /turquie sous atmosphère",
    "Marque": "",
    "Code Produit": 980899,
    "Température": "Frais",
    "Conditionnement": "Portion de 190 g. Barquette de 10 portions.",
    "Unité de commande": "barquette",
    "Prix": "51,13 EUR",
    "Prix à l'unité de mesure": "26,91 EUR / kg",
    "Prix à la portion": "5,11 EUR / Portion",
    "DLC garantie au client": "3 jour(s)"
  },
  {
    "Rayon": "Poissons Coquillages Crustacés",
    "Libellé produit": "Dos de cabillaud avec peau. peché en atlantique. nord est",
    "Marque": "",
    "Code Produit": 980903,
    "Température": "Frais",
    "Conditionnement": "Portion de 180 g. Barquette de 10 portions.",
    "Unité de commande": "barquette",
    "Prix": "61,92 EUR",
    "Prix à l'unité de mesure": "34,40 EUR / kg",
    "Prix à la portion": "6,19 EUR / Portion",
    "DLC garantie au client": "3 jour(s)"
  },
  {
    "Rayon": "Crèmerie Œufs Fromages",
    "Libellé produit": "Margarine feuilletage",
    "Marque": "LEGAVE",
    "Code Produit": 998315,
    "Température": "Frais",
    "Conditionnement": "Plaque de 2 kg. Colis de 6 plaques.",
    "Unité de commande": "colis",
    "Prix": "31,50 EUR",
    "Prix à l'unité de mesure": "2,63 EUR / kg",
    "Prix à la portion": "5,25 EUR / plaque",
    "DLC garantie au client": "7 jour(s)"
  },
  {
    "Rayon": "Poissons Coquillages Crustacés",
    "Libellé produit": "Pavé de saumon. avec peau - sans aretes",
    "Marque": "",
    "Code Produit": 998957,
    "Température": "Frais",
    "Conditionnement": "Portion de 150 g. Barquette de 10 portions.",
    "Unité de commande": "barquette",
    "Prix": "36,40 EUR",
    "Prix à l'unité de mesure": "24,27 EUR / kg",
    "Prix à la portion": "3,64 EUR / Portion",
    "DLC garantie au client": "3 jour(s)"
  },
  {
    "Rayon": "Poissons Coquillages Crustacés",
    "Libellé produit": "Bulots cuits. s/atmosphère modifiée",
    "Marque": "",
    "Code Produit": 998969,
    "Température": "Frais",
    "Conditionnement": "Par barquette de 1 kg.",
    "Unité de commande": "barquette",
    "Prix": "10,54 EUR",
    "Prix à l'unité de mesure": "10,54 EUR / kg",
    "Prix à la portion": "",
    "DLC garantie au client": "5 jour(s)"
  },
  {
    "Rayon": "Poissons Coquillages Crustacés",
    "Libellé produit": "Crevette cuite 40/60",
    "Marque": "",
    "Code Produit": 998971,
    "Température": "Frais",
    "Conditionnement": "Par barquette de 2 kg.",
    "Unité de commande": "barquette",
    "Prix": "20,29 EUR",
    "Prix à l'unité de mesure": "10,15 EUR / kg",
    "Prix à la portion": "",
    "DLC garantie au client": "3 jour(s)"
  },
  {
    "Rayon": "Poissons Coquillages Crustacés",
    "Libellé produit": "Crevette cuite calibre 60/80",
    "Marque": "",
    "Code Produit": 998972,
    "Température": "Frais",
    "Conditionnement": "Par barquette de 2 kg.",
    "Unité de commande": "barquette",
    "Prix": "18,58 EUR",
    "Prix à l'unité de mesure": "9,29 EUR / kg",
    "Prix à la portion": "",
    "DLC garantie au client": "5 jour(s)"
  },
  {
    "Rayon": "Poissons Coquillages Crustacés",
    "Libellé produit": "Moule de Hollande PAC",
    "Marque": "",
    "Code Produit": 998973,
    "Température": "Frais",
    "Conditionnement": "Par barquette de 2 kg.",
    "Unité de commande": "barquette",
    "Prix": "6,09 EUR",
    "Prix à l'unité de mesure": "3,04 EUR / kg",
    "Prix à la portion": "",
    "DLC garantie au client": "2 jour(s)"
  }
]